{
  "gold_per_floor": [
    114,
    6,
    19,
    19,
    19,
    44,
    64,
    74,
    74,
    74,
    105,
    122,
    148,
    164,
    164,
    260,
    260,
    270,
    270,
    285,
    285,
    140,
    140,
    171,
    171,
    171,
    196,
    215,
    227,
    238,
    13,
    13,
    116,
    116,
    129,
    129,
    143,
    143,
    153,
    153,
    186,
    206,
    286,
    286,
    296,
    296,
    310,
    329,
    329,
    329
  ],
  "floor_reached": 51,
  "playtime": 3288,
  "items_purged": [
    "Strike_G"
  ],
  "score": 756,
  "play_id": "4c11d8fe-96ed-4fe4-b026-5b742e82190e",
  "local_time": "20241227162820",
  "is_ascension_mode": false,
  "campfire_choices": [
    {
      "data": "Infinite Blades",
      "floor": 10,
      "key": "SMITH"
    },
    {
      "data": "Deadly Poison",
      "floor": 15,
      "key": "SMITH"
    },
    {
      "data": "Adrenaline",
      "floor": 23,
      "key": "SMITH"
    },
    {
      "data": "Strike_G",
      "floor": 25,
      "key": "PURGE"
    },
    {
      "data": "Strike_G",
      "floor": 32,
      "key": "PURGE"
    },
    {
      "floor": 40,
      "key": "REST"
    },
    {
      "floor": 46,
      "key": "REST"
    },
    {
      "floor": 49,
      "key": "REST"
    }
  ],
  "neow_cost": "NONE",
  "seed_source_timestamp": 242226873413333,
  "circlet_count": 0,
  "master_deck": [
    "Strike_G",
    "Defend_G",
    "Defend_G",
    "Defend_G",
    "Defend_G",
    "Defend_G",
    "Survivor",
    "Neutralize",
    "Infinite Blades+1",
    "Footwork",
    "Backstab",
    "Terror",
    "Leg Sweep",
    "Slice",
    "Dagger Spray",
    "Dagger Throw",
    "Deadly Poison+1",
    "Adrenaline+1",
    "Poisoned Stab+1",
    "RitualDagger",
    "PiercingWail+1",
    "Poisoned Stab",
    "Bouncing Flask",
    "Blade Dance",
    "Dodge and Roll",
    "Well Laid Plans",
    "Calculated Gamble+1",
    "Malaise",
    "Envenom",
    "PiercingWail+1",
    "Caltrops+1",
    "Adrenaline",
    "Acrobatics+1",
    "Flechettes+1",
    "Escape Plan",
    "Backstab+1",
    "Infinite Blades+1"
  ],
  "relics": [
    "Ring of the Snake",
    "NeowsBlessing",
    "Lantern",
    "Ornamental Fan",
    "Pear",
    "Vajra",
    "Philosopher's Stone",
    "Peace Pipe",
    "Gambling Chip",
    "White Beast Statue",
    "Bronze Scales",
    "Sozu",
    "Matryoshka",
    "Anchor",
    "Centennial Puzzle",
    "InkBottle"
  ],
  "potions_floor_usage": [],
  "damage_taken": [
    {
      "damage": 0,
      "enemies": "Jaw Worm",
      "floor": 1,
      "turns": 1
    },
    {
      "damage": 0,
      "enemies": "Cultist",
      "floor": 3,
      "turns": 1
    },
    {
      "damage": 0,
      "enemies": "Gremlin Nob",
      "floor": 6,
      "turns": 1
    },
    {
      "damage": 0,
      "enemies": "2 Louse",
      "floor": 7,
      "turns": 2
    },
    {
      "damage": 6,
      "enemies": "Red Slaver",
      "floor": 8,
      "turns": 4
    },
    {
      "damage": 15,
      "enemies": "3 Sentries",
      "floor": 11,
      "turns": 8
    },
    {
      "damage": 0,
      "enemies": "Looter",
      "floor": 12,
      "turns": 1
    },
    {
      "damage": 0,
      "enemies": "Large Slime",
      "floor": 14,
      "turns": 4
    },
    {
      "damage": 12,
      "enemies": "Hexaghost",
      "floor": 16,
      "turns": 9
    },
    {
      "damage": 3,
      "enemies": "Chosen",
      "floor": 18,
      "turns": 3
    },
    {
      "damage": 12,
      "enemies": "2 Thieves",
      "floor": 20,
      "turns": 4
    },
    {
      "damage": 1,
      "enemies": "Gremlin Leader",
      "floor": 24,
      "turns": 5
    },
    {
      "damage": 13,
      "enemies": "Slavers",
      "floor": 27,
      "turns": 4
    },
    {
      "damage": 0,
      "enemies": "Shelled Parasite and Fungi",
      "floor": 28,
      "turns": 5
    },
    {
      "damage": 3,
      "enemies": "3 Cultists",
      "floor": 29,
      "turns": 5
    },
    {
      "damage": 0,
      "enemies": "Snecko",
      "floor": 30,
      "turns": 4
    },
    {
      "damage": 30,
      "enemies": "Automaton",
      "floor": 33,
      "turns": 10
    },
    {
      "damage": 0,
      "enemies": "Orb Walker",
      "floor": 35,
      "turns": 3
    },
    {
      "damage": 21,
      "enemies": "3 Darklings",
      "floor": 37,
      "turns": 6
    },
    {
      "damage": 15,
      "enemies": "Spire Growth",
      "floor": 39,
      "turns": 4
    },
    {
      "damage": 67,
      "enemies": "Nemesis",
      "floor": 41,
      "turns": 7
    },
    {
      "damage": 3,
      "enemies": "Maw",
      "floor": 42,
      "turns": 7
    },
    {
      "damage": 4,
      "enemies": "4 Shapes",
      "floor": 45,
      "turns": 6
    },
    {
      "damage": 1,
      "enemies": "Sphere and 2 Shapes",
      "floor": 47,
      "turns": 5
    },
    {
      "damage": 10,
      "enemies": "Maw",
      "floor": 48,
      "turns": 6
    },
    {
      "damage": 46,
      "enemies": "Donu and Deca",
      "floor": 50,
      "turns": 9
    }
  ],
  "seed_played": "-7188624089083411792",
  "potions_obtained": [
    {
      "floor": 6,
      "key": "GamblersBrew"
    },
    {
      "floor": 7,
      "key": "FairyPotion"
    },
    {
      "floor": 12,
      "key": "FairyPotion"
    },
    {
      "floor": 18,
      "key": "Explosive Potion"
    }
  ],
  "is_trial": false,
  "path_per_floor": [
    "M",
    "$",
    "M",
    "$",
    "?",
    "E",
    "M",
    "M",
    "T",
    "R",
    "E",
    "M",
    "T",
    "M",
    "R",
    "B",
    null,
    "M",
    "?",
    "M",
    "?",
    "$",
    "R",
    "E",
    "R",
    "T",
    "E",
    "M",
    "M",
    "M",
    "$",
    "R",
    "B",
    null,
    "M",
    "T",
    "M",
    "?",
    "M",
    "R",
    "E",
    "M",
    "T",
    "?",
    "M",
    "R",
    "M",
    "M",
    "R",
    "B",
    null
  ],
  "character_chosen": "THE_SILENT",
  "items_purchased": [
    "Footwork",
    "Backstab",
    "Bouncing Flask",
    "Malaise",
    "Bronze Scales"
  ],
  "campfire_rested": 3,
  "item_purchase_floors": [
    2,
    2,
    22,
    31,
    31
  ],
  "current_hp_per_floor": [
    70,
    70,
    70,
    70,
    63,
    63,
    63,
    57,
    57,
    57,
    52,
    52,
    52,
    52,
    52,
    40,
    80,
    77,
    71,
    59,
    59,
    59,
    59,
    58,
    58,
    58,
    45,
    45,
    42,
    42,
    42,
    42,
    12,
    80,
    80,
    80,
    59,
    59,
    44,
    68,
    1,
    24,
    24,
    24,
    20,
    42,
    41,
    31,
    53,
    7
  ],
  "gold": 329,
  "neow_bonus": "THREE_ENEMY_KILL",
  "is_prod": false,
  "is_daily": false,
  "chose_seed": false,
  "campfire_upgraded": 3,
  "win_rate": 0,
  "timestamp": 1735345700,
  "path_taken": [
    "M",
    "$",
    "M",
    "$",
    "?",
    "E",
    "M",
    "M",
    "T",
    "R",
    "E",
    "M",
    "?",
    "?",
    "R",
    "BOSS",
    "M",
    "?",
    "M",
    "?",
    "$",
    "R",
    "E",
    "R",
    "T",
    "E",
    "M",
    "M",
    "M",
    "$",
    "R",
    "BOSS",
    "M",
    "?",
    "M",
    "?",
    "M",
    "R",
    "E",
    "M",
    "T",
    "?",
    "M",
    "R",
    "M",
    "M",
    "R",
    "BOSS"
  ],
  "build_version": "2022-12-18",
  "purchased_purges": 1,
  "victory": true,
  "max_hp_per_floor": [
    70,
    70,
    70,
    70,
    70,
    70,
    70,
    70,
    70,
    70,
    80,
    80,
    80,
    80,
    80,
    80,
    80,
    80,
    80,
    80,
    80,
    80,
    80,
    80,
    80,
    80,
    80,
    80,
    80,
    80,
    80,
    80,
    80,
    80,
    80,
    80,
    80,
    80,
    80,
    80,
    80,
    80,
    80,
    76,
    76,
    76,
    76,
    76,
    76,
    76
  ],
  "card_choices": [
    {
      "not_picked": [
        "Backflip",
        "Prepared"
      ],
      "picked": "Infinite Blades",
      "floor": 1
    },
    {
      "not_picked": [
        "Poisoned Stab",
        "Sucker Punch"
      ],
      "picked": "Terror",
      "floor": 3
    },
    {
      "not_picked": [
        "Slice",
        "Expertise"
      ],
      "picked": "Leg Sweep",
      "floor": 6
    },
    {
      "not_picked": [
        "Poisoned Stab",
        "Outmaneuver"
      ],
      "picked": "Slice",
      "floor": 7
    },
    {
      "not_picked": [
        "Backflip",
        "Eviscerate"
      ],
      "picked": "Dagger Spray",
      "floor": 8
    },
    {
      "not_picked": [
        "Masterful Stab",
        "Prepared"
      ],
      "picked": "Dagger Throw",
      "floor": 11
    },
    {
      "not_picked": [
        "Masterful Stab",
        "Terror"
      ],
      "picked": "Acrobatics",
      "floor": 12
    },
    {
      "not_picked": [
        "Acrobatics",
        "Blur"
      ],
      "picked": "Deadly Poison",
      "floor": 14
    },
    {
      "not_picked": [
        "Burst",
        "Phantasmal Killer"
      ],
      "picked": "Adrenaline",
      "floor": 16
    },
    {
      "not_picked": [
        "Prepared",
        "Flechettes"
      ],
      "picked": "Poisoned Stab+1",
      "floor": 18
    },
    {
      "not_picked": [
        "Masterful Stab",
        "Dagger Throw"
      ],
      "picked": "PiercingWail+1",
      "floor": 20
    },
    {
      "not_picked": [
        "Dagger Throw",
        "Outmaneuver"
      ],
      "picked": "Blade Dance",
      "floor": 24
    },
    {
      "not_picked": [
        "Bullet Time",
        "Deadly Poison"
      ],
      "picked": "Dodge and Roll",
      "floor": 27
    },
    {
      "not_picked": [
        "Deadly Poison",
        "Slice"
      ],
      "picked": "Well Laid Plans",
      "floor": 28
    },
    {
      "not_picked": [
        "Masterful Stab",
        "Dodge and Roll"
      ],
      "picked": "Calculated Gamble+1",
      "floor": 29
    },
    {
      "not_picked": [
        "Prepared",
        "Underhanded Strike",
        "Masterful Stab"
      ],
      "picked": "SKIP",
      "floor": 30
    },
    {
      "not_picked": [
        "Glass Knife",
        "A Thousand Cuts"
      ],
      "picked": "Envenom",
      "floor": 33
    },
    {
      "not_picked": [
        "Acrobatics+1",
        "Skewer+1"
      ],
      "picked": "PiercingWail+1",
      "floor": 35
    },
    {
      "not_picked": [
        "Deadly Poison+1",
        "Deflect"
      ],
      "picked": "Caltrops+1",
      "floor": 37
    },
    {
      "not_picked": [
        "Underhanded Strike",
        "Prepared+1"
      ],
      "picked": "Adrenaline",
      "floor": 39
    },
    {
      "not_picked": [
        "Outmaneuver+1",
        "Underhanded Strike+1"
      ],
      "picked": "Acrobatics+1",
      "floor": 41
    },
    {
      "not_picked": [
        "Dagger Throw+1",
        "Escape Plan"
      ],
      "picked": "Flechettes+1",
      "floor": 42
    },
    {
      "not_picked": [
        "Finisher+1",
        "Riddle With Holes+1"
      ],
      "picked": "Escape Plan",
      "floor": 45
    },
    {
      "not_picked": [
        "Flying Knee",
        "Deflect"
      ],
      "picked": "Backstab+1",
      "floor": 47
    },
    {
      "not_picked": [
        "Dash",
        "Underhanded Strike"
      ],
      "picked": "Infinite Blades+1",
      "floor": 48
    }
  ],
  "player_experience": 3911,
  "relics_obtained": [
    {
      "floor": 6,
      "key": "Lantern"
    },
    {
      "floor": 9,
      "key": "Ornamental Fan"
    },
    {
      "floor": 11,
      "key": "Pear"
    },
    {
      "floor": 13,
      "key": "Vajra"
    },
    {
      "floor": 24,
      "key": "Peace Pipe"
    },
    {
      "floor": 26,
      "key": "Gambling Chip"
    },
    {
      "floor": 27,
      "key": "White Beast Statue"
    },
    {
      "floor": 36,
      "key": "Matryoshka"
    },
    {
      "floor": 41,
      "key": "Anchor"
    },
    {
      "floor": 43,
      "key": "Centennial Puzzle"
    },
    {
      "floor": 43,
      "key": "InkBottle"
    }
  ],
  "event_choices": [
    {
      "cards_removed": [
        "Strike_G"
      ],
      "damage_healed": 0,
      "gold_gain": 0,
      "player_choice": "Card Removal",
      "damage_taken": 7,
      "max_hp_gain": 0,
      "max_hp_loss": 0,
      "event_name": "Golden Wing",
      "floor": 5,
      "gold_loss": 0
    },
    {
      "damage_healed": 0,
      "gold_gain": 0,
      "player_choice": "Joined the Cult",
      "damage_taken": 6,
      "max_hp_gain": 0,
      "max_hp_loss": 0,
      "event_name": "Nest",
      "floor": 19,
      "gold_loss": 0,
      "cards_obtained": [
        "RitualDagger"
      ]
    },
    {
      "damage_healed": 0,
      "gold_gain": 0,
      "player_choice": "1 cards matched",
      "damage_taken": 0,
      "max_hp_gain": 0,
      "max_hp_loss": 0,
      "event_name": "Match and Keep!",
      "floor": 21,
      "gold_loss": 0,
      "cards_obtained": [
        "Poisoned Stab"
      ]
    },
    {
      "cards_removed": [
        "Acrobatics"
      ],
      "damage_healed": 0,
      "gold_gain": 0,
      "player_choice": "Removed Skill",
      "damage_taken": 0,
      "max_hp_gain": 0,
      "max_hp_loss": 0,
      "event_name": "Falling",
      "floor": 38,
      "gold_loss": 0
    },
    {
      "damage_healed": 0,
      "gold_gain": 0,
      "player_choice": "Max HP",
      "damage_taken": 0,
      "max_hp_gain": 0,
      "max_hp_loss": 4,
      "event_name": "Winding Halls",
      "floor": 44,
      "gold_loss": 0
    }
  ],
  "is_beta": false,
  "boss_relics": [
    {
      "not_picked": [
        "Calling Bell",
        "Tiny House"
      ],
      "picked": "Philosopher's Stone"
    },
    {
      "not_picked": [
        "SacredBark",
        "Busted Crown"
      ],
      "picked": "Sozu"
    }
  ],
  "items_purged_floors": [
    22
  ],
  "is_endless": false,
  "potions_floor_spawned": [
    6,
    7,
    12,
    18,
    27,
    28,
    29,
    30,
    33,
    35,
    37,
    39,
    41,
    42,
    45,
    47,
    48
  ],
  "ascension_level": 0
}
