{"gold_per_floor":[114,114,130,143,161,191,191,217,244,279,279,291,10,20,20,118,118,138,138,138,138,157,184,204,218,218,232,261,261,339,366,366,464,464,481,494,118,118,135,166,166,166,166,192,120,120,120,139,139,139,139,139,14,39,39],"floor_reached":56,"playtime":8486,"items_purged":["Pain","Strike_G","Strike_G"],"score":1542,"play_id":"cd882282-8d00-49c9-aec3-e42e48318812","local_time":"20241229155549","is_ascension_mode":true,"campfire_choices":[{"floor":7,"key":"REST"},{"data":"Neutralize","floor":15,"key":"SMITH"},{"data":"Caltrops","floor":32,"key":"SMITH"},{"floor":41,"key":"RECALL"},{"data":"Footwork","floor":46,"key":"SMITH"},{"data":"Blade Dance","floor":49,"key":"SMITH"},{"data":"Panache","floor":52,"key":"SMITH"}],"neow_cost":"NONE","seed_source_timestamp":315395401128625,"circlet_count":0,"master_deck":["Strike_G","Strike_G","Strike_G","Defend_G+1","Defend_G","Defend_G","Defend_G","Survivor","Neutralize+1","Heel Hook","Caltrops+1","Endless Agony","Blade Dance+1","Backflip","Die Die Die","Masterful Stab","Finisher","Calculated Gamble","Doppelganger","Deflect","Infinite Blades","Adrenaline","Backflip+1","Ghostly","Ghostly","Ghostly","Ghostly","Ghostly","Backflip+1","Dagger Spray+1","Crippling Poison","Choke+1","Deflect+1","Blade Dance+1","Adrenaline","Dodge and Roll+1","Infinite Blades+1","Infinite Blades","PiercingWail","Deflect+1","Panache+1","Dagger Spray+1","Footwork+1","Backflip+1","Infinite Blades+1"],"relics":["Ring of the Snake","Dream Catcher","Orichalcum","Toy Ornithopter","Oddly Smooth Stone","WarpedTongs","HandDrill","Coffee Dripper","Sundial","Bronze Scales","Bottled Lightning","Shuriken","Potion Belt","Black Star","War Paint","HornCleat","Kunai","Gremlin Horn","Letter Opener","Bottled Flame","Blood Vial","Ninja Scroll"],"potions_floor_usage":[6,8,16,16,40,50,50,55,55,55],"damage_taken":[{"damage":5,"enemies":"Small Slimes","floor":1,"turns":4},{"damage":0,"enemies":"Cultist","floor":3,"turns":3},{"damage":1,"enemies":"Jaw Worm","floor":4,"turns":3},{"damage":4,"enemies":"Blue Slaver","floor":5,"turns":3},{"damage":23,"enemies":"Lagavulin","floor":6,"turns":5},{"damage":2,"enemies":"Gremlin Nob","floor":8,"turns":3},{"damage":8,"enemies":"3 Sentries","floor":10,"turns":5},{"damage":1,"enemies":"Looter","floor":12,"turns":3},{"damage":0,"enemies":"Large Slime","floor":14,"turns":4},{"damage":13,"enemies":"The Guardian","floor":16,"turns":9},{"damage":0,"enemies":"Spheric Guardian","floor":18,"turns":3},{"damage":0,"enemies":"Chosen","floor":22,"turns":5},{"damage":0,"enemies":"Book of Stabbing","floor":23,"turns":6},{"damage":0,"enemies":"Snecko","floor":24,"turns":5},{"damage":0,"enemies":"Snake Plant","floor":25,"turns":4},{"damage":0,"enemies":"Cultist and Chosen","floor":27,"turns":3},{"damage":7,"enemies":"Slavers","floor":28,"turns":5},{"damage":0,"enemies":"Gremlin Leader","floor":31,"turns":6},{"damage":0,"enemies":"Champ","floor":33,"turns":6},{"damage":0,"enemies":"3 Shapes","floor":35,"turns":4},{"damage":0,"enemies":"3 Darklings","floor":36,"turns":5},{"damage":0,"enemies":"Spire Growth","floor":39,"turns":5},{"damage":0,"enemies":"Giant Head","floor":40,"turns":6},{"damage":0,"enemies":"Nemesis","floor":44,"turns":3},{"damage":6,"enemies":"4 Shapes","floor":48,"turns":4},{"damage":11,"enemies":"Time Eater","floor":50,"turns":10},{"damage":0,"enemies":"Shield and Spear","floor":54,"turns":5},{"damage":39,"enemies":"The Heart","floor":55,"turns":9}],"seed_played":"423065814279082401","potions_obtained":[{"floor":3,"key":"SteroidPotion"},{"floor":5,"key":"FearPotion"},{"floor":10,"key":"Dexterity Potion"},{"floor":12,"key":"DuplicationPotion"},{"floor":23,"key":"Swift Potion"},{"floor":24,"key":"GhostInAJar"},{"floor":28,"key":"Block Potion"},{"floor":31,"key":"Weak Potion"},{"floor":33,"key":"LiquidBronze"},{"floor":35,"key":"CunningPotion"},{"floor":39,"key":"Dexterity Potion"},{"floor":40,"key":"Energy Potion"}],"is_trial":false,"path_per_floor":["M","?","M","M","M","E","R","E","T","E","?","M","$","M","R","B",null,"M","?","$","?","M","E","M","M","T","M","E","T","T","E","R","B",null,"M","M","$","?","M","E","R","?","T","E","$","R","?","M","R","B",null,"R","$","E","B",null],"character_chosen":"THE_SILENT","items_purchased":["HandDrill","Deflect","War Paint","Infinite Blades","PiercingWail","Footwork"],"campfire_rested":1,"item_purchase_floors":[13,13,37,37,37,45],"current_hp_per_floor":[65,65,65,64,60,37,58,56,56,48,48,47,47,47,47,44,70,70,35,35,31,31,31,31,31,31,31,24,24,24,24,24,24,40,40,40,40,38,38,38,38,38,38,38,38,38,38,32,32,27,38,38,38,38,14],"gold":39,"neow_bonus":"TRANSFORM_CARD","is_prod":false,"is_daily":false,"chose_seed":false,"campfire_upgraded":5,"win_rate":1,"timestamp":1735516549,"path_taken":["M","?","?","M","M","E","R","E","T","E","?","M","$","M","R","BOSS","M","?","$","?","M","E","M","M","T","M","E","?","?","E","R","BOSS","M","M","$","?","M","E","R","?","T","E","?","R","?","M","R","BOSS","R","$","E","BOSS"],"build_version":"2022-12-18","purchased_purges":3,"victory":true,"max_hp_per_floor":[70,70,70,70,70,70,70,70,70,70,70,70,70,70,70,70,70,70,35,35,40,40,40,40,40,40,40,40,40,40,40,40,40,40,40,40,40,38,38,38,38,38,38,38,38,38,38,38,38,38,38,38,38,38,38],"card_choices":[{"not_picked":["Poisoned Stab","Tactician"],"picked":"Caltrops","floor":1},{"not_picked":["Reflex","Finisher"],"picked":"Blade Dance","floor":3},{"not_picked":["Endless Agony","Acrobatics"],"picked":"Backflip","floor":4},{"not_picked":["Dagger Throw","Quick Slash"],"picked":"Die Die Die","floor":5},{"not_picked":["Acrobatics","Prepared"],"picked":"Backflip","floor":6},{"not_picked":["Bane","Sucker Punch"],"picked":"Masterful Stab","floor":7},{"not_picked":["Sucker Punch","Poisoned Stab"],"picked":"Finisher","floor":8},{"not_picked":["Quick Slash","Slice"],"picked":"Calculated Gamble","floor":10},{"not_picked":["Reflex","Slice"],"picked":"Doppelganger","floor":12},{"not_picked":["Leg Sweep","Slice"],"picked":"Infinite Blades","floor":14},{"not_picked":["Tools of the Trade","Night Terror"],"picked":"Adrenaline","floor":16},{"not_picked":["Reflex","Expertise"],"picked":"Backflip+1","floor":18},{"not_picked":["Sucker Punch","Bane+1"],"picked":"Backflip+1","floor":22},{"not_picked":["Eviscerate+1","Skewer"],"picked":"Dagger Spray+1","floor":23},{"not_picked":["Dagger Throw","Poisoned Stab+1"],"picked":"Crippling Poison","floor":24},{"not_picked":["Underhanded Strike","Deadly Poison+1"],"picked":"Choke+1","floor":25},{"not_picked":["Slice","Dagger Throw","Prepared"],"picked":"SKIP","floor":27},{"not_picked":["Backflip","Poisoned Stab"],"picked":"Deflect+1","floor":28},{"not_picked":["Bouncing Flask+1","Acrobatics"],"picked":"Blade Dance","floor":31},{"not_picked":["Bullet Time","Phantasmal Killer"],"picked":"Adrenaline","floor":33},{"not_picked":["Dagger Spray","Sucker Punch"],"picked":"Dodge and Roll+1","floor":35},{"not_picked":["Crippling Poison","Predator"],"picked":"Infinite Blades+1","floor":36},{"not_picked":["Deadly Poison","Poisoned Stab+1","Bane"],"picked":"SKIP","floor":39},{"not_picked":["Bullet Time","Quick Slash"],"picked":"Deflect+1","floor":40},{"not_picked":["Bandage Up","Mind Blast"],"picked":"Panache","floor":42},{"not_picked":["Deadly Poison+1","All Out Attack"],"picked":"Dagger Spray+1","floor":44},{"not_picked":["Flechettes+1","Underhanded Strike"],"picked":"Backflip+1","floor":48},{"not_picked":["Masterful Stab+1","Deflect"],"picked":"Infinite Blades+1","floor":54}],"player_experience":10429,"relics_obtained":[{"floor":6,"key":"Dream Catcher"},{"floor":8,"key":"Orichalcum"},{"floor":9,"key":"Toy Ornithopter"},{"floor":10,"key":"Oddly Smooth Stone"},{"floor":23,"key":"Sundial"},{"floor":28,"key":"Bronze Scales"},{"floor":29,"key":"Bottled Lightning"},{"floor":30,"key":"Shuriken"},{"floor":31,"key":"Potion Belt"},{"floor":40,"key":"HornCleat"},{"floor":40,"key":"Kunai"},{"floor":43,"key":"Gremlin Horn"},{"floor":44,"key":"Letter Opener"},{"floor":44,"key":"Bottled Flame"},{"floor":54,"key":"Blood Vial"},{"floor":54,"key":"Ninja Scroll"}],"event_choices":[{"damage_healed":0,"gold_gain":0,"player_choice":"1 cards matched","damage_taken":0,"max_hp_gain":0,"max_hp_loss":0,"event_name":"Match and Keep!","floor":2,"gold_loss":0,"cards_obtained":["Endless Agony"]},{"damage_healed":0,"gold_gain":0,"player_choice":"Rummage","damage_taken":0,"relics_obtained":["WarpedTongs"],"max_hp_gain":0,"max_hp_loss":0,"event_name":"Accursed Blacksmith","floor":11,"gold_loss":0,"cards_obtained":["Pain"]},{"damage_healed":0,"gold_gain":0,"player_choice":"Became a Ghost","damage_taken":0,"max_hp_gain":0,"max_hp_loss":35,"event_name":"Ghosts","floor":19,"gold_loss":0,"cards_obtained":["Ghostly","Ghostly","Ghostly","Ghostly","Ghostly"]},{"damage_healed":0,"gold_gain":0,"player_choice":"Shed Blood","damage_taken":9,"max_hp_gain":5,"max_hp_loss":0,"event_name":"Forgotten Altar","floor":21,"gold_loss":0},{"damage_healed":0,"gold_gain":0,"player_choice":"Max HP","damage_taken":0,"max_hp_gain":0,"max_hp_loss":2,"event_name":"Winding Halls","floor":38,"gold_loss":0},{"damage_healed":0,"gold_gain":0,"player_choice":"Memory 1","damage_taken":0,"max_hp_gain":0,"max_hp_loss":0,"event_name":"SensoryStone","floor":42,"gold_loss":0},{"cards_removed":["Backflip"],"damage_healed":0,"gold_gain":0,"player_choice":"Removed Skill","damage_taken":0,"max_hp_gain":0,"max_hp_loss":0,"event_name":"Falling","floor":47,"gold_loss":0}],"is_beta":false,"boss_relics":[{"not_picked":["Velvet Choker","Cursed Key"],"picked":"Coffee Dripper"},{"not_picked":["Astrolabe","Snecko Eye"],"picked":"Black Star"}],"items_purged_floors":[13,37,53],"is_endless":false,"potions_floor_spawned":[3,5,10,12,23,24,28,31,33,35,39,40],"ascension_level":1}