{"gold_per_floor":[367,386,386,90,90,9,42,42,97,121,140,140,153,194,194,314,314,328,328,16,16,35,35,48,81,135,135,176,276,45,70,70,201,201,226,242,242,242,266,266,306,306,306,306,320,345,270,293,293,293,293,293,117,117],"floor_reached":54,"playtime":2963,"items_purged":["Strike_G","Defend_G","Strike_G+1","Doubt","Strike_G+1"],"score":969,"play_id":"e1355796-e6a1-4407-8acf-1ec355a6fd14","local_time":"20250102163700","is_ascension_mode":true,"campfire_choices":[{"floor":12,"key":"REST"},{"floor":15,"key":"REST"},{"data":"Accuracy","floor":23,"key":"SMITH"},{"data":"Burst","floor":32,"key":"SMITH"},{"floor":40,"key":"RECALL"},{"floor":42,"key":"REST"},{"floor":49,"key":"REST"},{"floor":52,"key":"REST"}],"neow_cost":"PERCENT_DAMAGE","seed_source_timestamp":458433317959750,"circlet_count":0,"master_deck":["Defend_G+1","Defend_G+1","Defend_G+1","Defend_G+1","Survivor+1","Neutralize+1","Infinite Blades+1","Dagger Spray+1","Backstab+1","Footwork+1","Dagger Spray+1","Bullet Time+1","Neutralize+1","Burst+1","Terror+1","Cloak And Dagger+1","Infinite Blades+1","Phantasmal Killer+1","Quick Slash+1","Ghostly+1","Ghostly+1","Ghostly+1","Ghostly+1","Ghostly+1","After Image+1","Dash+1","Quick Slash+1","Accuracy+1","Footwork+1","Footwork+1","Blade Dance+1","Blade Dance+1","Footwork+1","Accuracy+1","After Image+1","Backflip+1","Backflip+1","Blade Dance+1","Acrobatics+1","Expertise+1"],"relics":["Ring of the Serpent","Gambling Chip","Boot","Golden Idol","Strawberry","Happy Flower","White Beast Statue","Membership Card","War Paint","Pen Nib","Toy Ornithopter","Gremlin Horn","Shuriken","Cursed Key","Mark of the Bloom","Paper Crane"],"potions_floor_usage":[16,18,35,46,46,48,50],"damage_taken":[{"damage":8,"enemies":"Cultist","floor":1,"turns":4},{"damage":0,"enemies":"Small Slimes","floor":2,"turns":5},{"damage":24,"enemies":"Gremlin Nob","floor":7,"turns":5},{"damage":0,"enemies":"Jaw Worm","floor":10,"turns":3},{"damage":3,"enemies":"Looter","floor":11,"turns":2},{"damage":5,"enemies":"Lots of Slimes","floor":13,"turns":2},{"damage":0,"enemies":"3 Sentries","floor":14,"turns":5},{"damage":3,"enemies":"Hexaghost","floor":16,"turns":8},{"damage":4,"enemies":"Spheric Guardian","floor":18,"turns":6},{"damage":2,"enemies":"Chosen","floor":22,"turns":4},{"damage":0,"enemies":"Snake Plant","floor":24,"turns":4},{"damage":2,"enemies":"Book of Stabbing","floor":25,"turns":6},{"damage":11,"enemies":"Slavers","floor":28,"turns":5},{"damage":4,"enemies":"Shelled Parasite and Fungi","floor":31,"turns":3},{"damage":0,"enemies":"Collector","floor":33,"turns":8},{"damage":1,"enemies":"3 Shapes","floor":35,"turns":4},{"damage":0,"enemies":"3 Darklings","floor":36,"turns":4},{"damage":0,"enemies":"Spire Growth","floor":39,"turns":4},{"damage":0,"enemies":"Giant Head","floor":41,"turns":6},{"damage":0,"enemies":"Sphere and 2 Shapes","floor":45,"turns":4},{"damage":10,"enemies":"4 Shapes","floor":46,"turns":3},{"damage":6,"enemies":"3 Darklings","floor":48,"turns":3},{"damage":18,"enemies":"Awakened One","floor":50,"turns":8},{"damage":2,"enemies":"Shield and Spear","floor":54,"turns":1}],"seed_played":"-9189508495587993201","potions_obtained":[{"floor":7,"key":"Energy Potion"},{"floor":13,"key":"ColorlessPotion"},{"floor":16,"key":"DistilledChaos"},{"floor":18,"key":"Block Potion"},{"floor":22,"key":"FairyPotion"},{"floor":28,"key":"DistilledChaos"},{"floor":33,"key":"Regen Potion"},{"floor":35,"key":"Dexterity Potion"},{"floor":36,"key":"Fire Potion"},{"floor":41,"key":"EssenceOfSteel"},{"floor":46,"key":"Poison Potion"},{"floor":48,"key":"Fruit Juice"}],"is_trial":false,"path_per_floor":["M","M","?","$","?","$","E","?","T","M","M","R","M","E","R","B",null,"M","?","$","?","M","R","M","E","T","?","E","?","$","M","R","B",null,"M","M","?","?","M","R","E","R","T","?","M","M","$","M","R","B",null,"R","$","E"],"character_chosen":"THE_SILENT","items_purchased":["Boot","Backstab","Footwork","Membership Card","War Paint","After Image","Shuriken","Blade Dance","Footwork","EntropicBrew","Ancient Potion"],"campfire_rested":5,"item_purchase_floors":[4,4,6,20,20,20,30,30,30,53,53],"current_hp_per_floor":[41,41,29,29,29,29,12,12,12,12,9,30,25,25,46,43,72,68,36,36,36,34,34,34,32,32,32,21,21,21,17,17,17,36,36,36,36,36,36,36,36,36,36,36,36,26,26,20,20,2,2,2,2,0],"gold":117,"neow_bonus":"TWO_FIFTY_GOLD","is_prod":false,"is_daily":false,"chose_seed":false,"campfire_upgraded":2,"win_rate":0,"timestamp":1735864620,"path_taken":["M","M","?","$","?","?","E","?","T","M","M","R","?","E","R","BOSS","M","?","$","?","?","R","M","E","T","?","E","?","$","M","R","BOSS","M","M","?","?","M","R","E","R","T","?","M","M","$","M","R","BOSS","R","$","E"],"build_version":"2022-12-18","purchased_purges":5,"victory":false,"max_hp_per_floor":[70,70,70,70,65,65,72,72,72,72,72,72,72,72,72,72,72,72,36,36,36,36,36,36,36,36,36,36,36,36,36,36,36,36,36,36,36,36,36,36,36,36,36,36,36,36,36,41,41,41,41,41,41,41],"card_choices":[{"not_picked":["Sucker Punch","Dagger Spray"],"picked":"Infinite Blades","floor":1},{"not_picked":["Deadly Poison","PiercingWail"],"picked":"Dagger Spray","floor":2},{"not_picked":["Riddle With Holes","Outmaneuver"],"picked":"Dagger Spray","floor":7},{"not_picked":["Eviscerate","Outmaneuver"],"picked":"Burst","floor":10},{"not_picked":["Backflip","Dodge and Roll"],"picked":"Terror","floor":11},{"not_picked":["Quick Slash","Acrobatics"],"picked":"Cloak And Dagger","floor":13},{"not_picked":["Tactician","Dagger Throw"],"picked":"Infinite Blades","floor":14},{"not_picked":["Doppelganger","Storm of Steel"],"picked":"Phantasmal Killer","floor":16},{"not_picked":["Distraction","Poisoned Stab"],"picked":"Quick Slash","floor":18},{"not_picked":["Quick Slash","All Out Attack"],"picked":"Accuracy","floor":22},{"not_picked":["Masterful Stab","Caltrops"],"picked":"Footwork","floor":24},{"not_picked":["Dagger Spray","Slice"],"picked":"Footwork","floor":25},{"not_picked":["Underhanded Strike+1","Skewer"],"picked":"Blade Dance+1","floor":28},{"not_picked":["Cloak And Dagger","Predator"],"picked":"Accuracy","floor":31},{"not_picked":["Wraith Form v2","Doppelganger"],"picked":"After Image","floor":33},{"not_picked":["Bane+1","Finisher+1"],"picked":"Backflip","floor":35},{"not_picked":["Tactician+1","Bane"],"picked":"Backflip+1","floor":36},{"not_picked":["Dagger Throw+1","All Out Attack"],"picked":"Blade Dance+1","floor":39},{"not_picked":["Unload","A Thousand Cuts"],"picked":"Acrobatics+1","floor":41},{"not_picked":["PiercingWail","Flying Knee"],"picked":"Expertise+1","floor":45},{"not_picked":["Predator","Noxious Fumes+1","Sucker Punch+1"],"picked":"SKIP","floor":46},{"not_picked":["Flying Knee+1","Sucker Punch","Backflip"],"picked":"SKIP","floor":48}],"player_experience":47361,"relics_obtained":[{"floor":7,"key":"Strawberry"},{"floor":9,"key":"Happy Flower"},{"floor":14,"key":"White Beast Statue"},{"floor":25,"key":"Pen Nib"},{"floor":26,"key":"Toy Ornithopter"},{"floor":28,"key":"Gremlin Horn"},{"floor":41,"key":"Paper Crane"}],"event_choices":[{"damage_healed":0,"gold_gain":0,"player_choice":"Success","damage_taken":12,"relics_obtained":["Gambling Chip"],"max_hp_gain":0,"max_hp_loss":0,"event_name":"Scrap Ooze","floor":3,"gold_loss":0},{"damage_healed":0,"gold_gain":0,"player_choice":"Lose Max HP","damage_taken":0,"relics_obtained":["Golden Idol"],"max_hp_gain":0,"max_hp_loss":5,"event_name":"Golden Idol","floor":5,"gold_loss":0},{"damage_healed":0,"gold_gain":0,"player_choice":"2 cards matched","damage_taken":0,"max_hp_gain":0,"max_hp_loss":0,"event_name":"Match and Keep!","floor":8,"gold_loss":0,"cards_obtained":["Bullet Time","Neutralize"]},{"damage_healed":0,"gold_gain":0,"player_choice":"Became a Ghost","damage_taken":0,"max_hp_gain":0,"max_hp_loss":36,"event_name":"Ghosts","floor":19,"gold_loss":0,"cards_obtained":["Ghostly","Ghostly","Ghostly","Ghostly","Ghostly"]},{"damage_healed":0,"gold_gain":0,"cards_transformed":["Strike_G","Strike_G"],"player_choice":"Became Test Subject","damage_taken":0,"max_hp_gain":0,"max_hp_loss":0,"event_name":"Drug Dealer","floor":21,"gold_loss":0,"cards_obtained":["Dash","Quick Slash"]},{"damage_healed":0,"gold_gain":0,"player_choice":"Simplicity","damage_taken":0,"max_hp_gain":0,"max_hp_loss":0,"event_name":"Back to Basics","floor":27,"gold_loss":0,"cards_upgraded":["Strike_G","Strike_G","Defend_G","Defend_G","Defend_G"]},{"damage_healed":0,"gold_gain":100,"player_choice":"Pray","damage_taken":0,"max_hp_gain":0,"max_hp_loss":0,"event_name":"Golden Shrine","floor":29,"gold_loss":0},{"damage_healed":0,"gold_gain":0,"player_choice":"Upgrade","damage_taken":0,"relics_obtained":["Mark of the Bloom"],"max_hp_gain":0,"max_hp_loss":0,"event_name":"MindBloom","floor":37,"gold_loss":0,"cards_upgraded":["Neutralize","Infinite Blades","Dagger Spray","Backstab","Footwork","Dagger Spray","Bullet Time","Neutralize","Terror","Cloak And Dagger","Infinite Blades","Phantasmal Killer","Quick Slash","Ghostly","Ghostly","Ghostly","Ghostly","Ghostly","After Image","Dash","Quick Slash","Footwork","Footwork","Blade Dance","Footwork","Accuracy","After Image","Backflip"]},{"damage_healed":0,"gold_gain":0,"player_choice":"Memory 1","damage_taken":0,"max_hp_gain":0,"max_hp_loss":0,"event_name":"SensoryStone","floor":38,"gold_loss":0},{"damage_healed":0,"gold_gain":0,"player_choice":"Ignored","damage_taken":0,"max_hp_gain":0,"max_hp_loss":0,"event_name":"Tomb of Lord Red Mask","floor":44,"gold_loss":0}],"is_beta":false,"boss_relics":[{"not_picked":["Busted Crown","SlaversCollar"],"picked":"Ring of the Serpent"},{"not_picked":["Fusion Hammer","Philosopher\u0027s Stone"],"picked":"Cursed Key"}],"items_purged_floors":[4,20,30,47,53],"is_endless":false,"potions_floor_spawned":[7,13,16,18,22,24,25,28,31,33,35,36,39,41,45,46,48],"killed_by":"Shield and Spear","ascension_level":2}