{"gold_per_floor":[112,124,136,154,173,173,207,207,207,240,302,314,314],"floor_reached":13,"playtime":621,"items_purged":[],"score":153,"play_id":"3d9a1cbc-1f02-4ff0-969d-2c00186a571e","local_time":"20250111131833","is_ascension_mode":true,"campfire_choices":[{"data":"Neutralize","floor":6,"key":"SMITH"},{"data":"Corpse Explosion","floor":8,"key":"SMITH"}],"neow_cost":"NONE","seed_source_timestamp":713182149966541,"circlet_count":0,"master_deck":["Strike_G","Strike_G","Strike_G","Strike_G","Strike_G","Defend_G","Defend_G","Defend_G","Defend_G","Defend_G","Survivor","Neutralize+1","Corpse Explosion+1","Bane","Masterful Stab","Eviscerate","Backstab","Underhanded Strike","Deadly Poison","Wraith Form v2","Deadly Poison","PiercingWail"],"relics":["Ring of the Snake","Snake Skull","Ancient Tea Set","Oddly Smooth Stone","Mercury Hourglass"],"potions_floor_usage":[7,10,13],"damage_taken":[{"damage":0,"enemies":"Cultist","floor":1,"turns":4},{"damage":6,"enemies":"Jaw Worm","floor":2,"turns":4},{"damage":0,"enemies":"Small Slimes","floor":3,"turns":3},{"damage":6,"enemies":"Red Slaver","floor":4,"turns":3},{"damage":3,"enemies":"Looter","floor":5,"turns":3},{"damage":32,"enemies":"Lagavulin","floor":7,"turns":6},{"damage":0,"enemies":"Gremlin Nob","floor":10,"turns":3},{"damage":16,"enemies":"Lagavulin Event","floor":11,"turns":4},{"damage":1,"enemies":"Exordium Wildlife","floor":12,"turns":3},{"damage":7,"enemies":"Blue Slaver","floor":13,"turns":1}],"seed_played":"-8619260604765161618","potions_obtained":[{"floor":2,"key":"Strength Potion"},{"floor":3,"key":"Energy Potion"},{"floor":5,"key":"SteroidPotion"},{"floor":7,"key":"DuplicationPotion"}],"is_trial":false,"path_per_floor":["M","M","M","M","M","R","E","R","T","E","?","M","M"],"character_chosen":"THE_SILENT","items_purchased":[],"campfire_rested":0,"item_purchase_floors":[],"current_hp_per_floor":[70,64,64,58,55,55,23,23,23,23,7,6,0],"gold":314,"neow_bonus":"ONE_RANDOM_RARE_CARD","is_prod":false,"is_daily":false,"chose_seed":false,"campfire_upgraded":2,"win_rate":0,"timestamp":1736630313,"path_taken":["M","M","M","M","M","R","E","R","T","E","?","M","M"],"build_version":"2022-12-18","purchased_purges":0,"victory":false,"max_hp_per_floor":[70,70,70,70,70,70,70,70,70,70,70,70,70],"card_choices":[{"not_picked":["Slice","Dodge and Roll"],"picked":"Bane","floor":1},{"not_picked":["Outmaneuver","Sucker Punch"],"picked":"Masterful Stab","floor":2},{"not_picked":["Flying Knee","Tactician"],"picked":"Eviscerate","floor":3},{"not_picked":["Poisoned Stab","Outmaneuver"],"picked":"Backstab","floor":4},{"not_picked":["Distraction","Flying Knee"],"picked":"Underhanded Strike","floor":5},{"not_picked":["Cloak And Dagger","Tactician"],"picked":"Deadly Poison","floor":7},{"not_picked":["Accuracy","Slice"],"picked":"Wraith Form v2","floor":10},{"not_picked":["Acrobatics","Underhanded Strike"],"picked":"Deadly Poison","floor":11},{"not_picked":["Endless Agony","Escape Plan"],"picked":"PiercingWail","floor":12}],"player_experience":126824,"relics_obtained":[{"floor":7,"key":"Snake Skull"},{"floor":9,"key":"Ancient Tea Set"},{"floor":10,"key":"Oddly Smooth Stone"}],"event_choices":[{"damage_healed":0,"gold_gain":0,"player_choice":"Searched \u00272\u0027 times","damage_taken":0,"relics_obtained":["Mercury Hourglass"],"max_hp_gain":0,"max_hp_loss":0,"event_name":"Dead Adventurer","floor":11,"gold_loss":0}],"is_beta":false,"boss_relics":[],"items_purged_floors":[],"is_endless":false,"potions_floor_spawned":[2,3,5,7],"killed_by":"Blue Slaver","ascension_level":5}