{"gold_per_floor":[116,136,136,147,97,130,130,161,211,211,65,65,65,95,95,200,200,213,224,244,258,258,258,286,304,304,316,328,372,20,38,38,137,137,155,155,174,0,0,0,50,84,84,10,10,26,57,69,69,69],"floor_reached":51,"playtime":3372,"items_purged":["Defend_G"],"score":986,"play_id":"aeec7281-54e7-4d89-a942-ed4336eec288","local_time":"20250105212634","is_ascension_mode":true,"campfire_choices":[{"data":"Masterful Stab","floor":7.0,"key":"SMITH"},{"data":"Survivor","floor":10.0,"key":"SMITH"},{"data":"Leg Sweep","floor":12.0,"key":"SMITH"},{"data":"Unload","floor":15.0,"key":"SMITH"},{"data":"Dagger Throw","floor":23.0,"key":"SMITH"},{"data":"PiercingWail","floor":28.0,"key":"SMITH"},{"data":"Corpse Explosion","floor":32.0,"key":"SMITH"},{"data":"PiercingWail","floor":40,"key":"SMITH"},{"data":"PiercingWail","floor":45,"key":"SMITH"},{"data":"Neutralize","floor":49,"key":"SMITH"}],"neow_cost":"NONE","seed_source_timestamp":0,"circlet_count":0,"master_deck":["Strike_G+1","Strike_G+1","Strike_G","Defend_G","Defend_G","Defend_G","Defend_G","Survivor+1","Neutralize+1","Dagger Throw+1","Masterful Stab+1","Leg Sweep+1","PiercingWail+1","PiercingWail+1","Caltrops+1","Unload+1","After Image+1","PiercingWail+1","Well Laid Plans+1","Eviscerate+1","Backflip+1","Predator+1","Bullet Time","Terror","Corpse Explosion+1","Bullet Time","Blade Dance+1","Noxious Fumes+1","Noxious Fumes+1","Catalyst+1","A Thousand Cuts+1","Acrobatics+1"],"special_seed":0,"relics":["Ring of the Snake","Frozen Egg 2","PreservedInsect","Whetstone","Orichalcum","Lizard Tail","Coffee Dripper","Mummified Hand","MawBank","Du-Vu Doll","Strange Spoon","Sozu","Red Mask","Unceasing Top","Nunchaku","Mercury Hourglass","Vajra"],"potions_floor_usage":[50],"damage_taken":[{"damage":0.0,"enemies":"Cultist","floor":1.0,"turns":4.0},{"damage":5.0,"enemies":"Jaw Worm","floor":2.0,"turns":5.0},{"damage":0.0,"enemies":"2 Louse","floor":4.0,"turns":3.0},{"damage":11.0,"enemies":"Gremlin Nob","floor":6.0,"turns":4.0},{"damage":19.0,"enemies":"Lagavulin","floor":8.0,"turns":6.0},{"damage":0.0,"enemies":"3 Sentries","floor":14.0,"turns":6.0},{"damage":0.0,"enemies":"The Guardian","floor":16.0,"turns":10.0},{"damage":0.0,"enemies":"Spheric Guardian","floor":18.0,"turns":3.0},{"damage":0.0,"enemies":"3 Byrds","floor":19.0,"turns":3.0},{"damage":0.0,"enemies":"Centurion and Healer","floor":20.0,"turns":9.0},{"damage":14.0,"enemies":"Snecko","floor":21.0,"turns":6.0},{"damage":7.0,"enemies":"Slavers","floor":24.0,"turns":5.0},{"damage":0.0,"enemies":"Shelled Parasite and Fungi","floor":25.0,"turns":5.0},{"damage":8.0,"enemies":"Book of Stabbing","floor":29.0,"turns":4.0},{"damage":0.0,"enemies":"Snake Plant","floor":31.0,"turns":3.0},{"damage":21.0,"enemies":"Collector","floor":33.0,"turns":9.0},{"damage":1,"enemies":"Orb Walker","floor":35,"turns":3},{"damage":0,"enemies":"3 Darklings","floor":37,"turns":4},{"damage":0,"enemies":"Mind Bloom Boss Battle","floor":41,"turns":6},{"damage":0,"enemies":"Reptomancer","floor":42,"turns":5},{"damage":0,"enemies":"Jaw Worm Horde","floor":46,"turns":3},{"damage":1,"enemies":"Nemesis","floor":47,"turns":5},{"damage":26,"enemies":"Transient","floor":48,"turns":5},{"damage":23,"enemies":"Donu and Deca","floor":50,"turns":6}],"seed_played":"287924167715940093","potions_obtained":[{"floor":0.0,"key":"BlessingOfTheForge"},{"floor":0.0,"key":"EntropicBrew"},{"floor":0.0,"key":"CunningPotion"},{"floor":6.0,"key":"SteroidPotion"},{"floor":8.0,"key":"FairyPotion"},{"floor":31.0,"key":"Fruit Juice"}],"is_trial":false,"path_per_floor":["M","M","?","M","?","E","R","E","T","R","$","R","?","E","R","B",null,"M","M","M","M","?","R","E","M","T","?","R","E","$","M","R","B",null,"M","?","M","?","$","R","?","E","T","$","R","M","E","M","R","B",null],"character_chosen":"THE_SILENT","items_purchased":["Caltrops+1","Bullet Time","Strange Spoon","Terror","Noxious Fumes+1"],"campfire_rested":0,"item_purchase_floors":[11,30,30,30,44],"current_hp_per_floor":[70,65,53,53,53,42,42,23,23,23,23,23,23,23,23,23,70,70,70,70,56,43,43,36,36,36,36,36,28,28,33,33,12,80,79,76,76,76,76,76,76,76,76,76,76,76,75,49,49,26],"gold":69,"neow_bonus":"THREE_SMALL_POTIONS","is_prod":false,"is_daily":false,"chose_seed":false,"campfire_upgraded":10,"win_rate":0,"timestamp":1736141194,"path_taken":["M","M","?","M","?","E","R","E","T","R","$","R","?","E","R","BOSS","M","?","M","M","?","R","E","M","T","?","R","E","?","M","R","BOSS","M","?","M","?","?","R","?","E","T","$","R","M","E","M","R","BOSS"],"build_version":"2022-12-18","purchased_purges":1,"victory":true,"max_hp_per_floor":[70,70,70,70,70,70,70,70,70,70,70,70,70,70,70,70,70,70,70,70,70,75,75,75,75,75,75,75,75,75,80,80,80,80,80,76,76,76,76,76,76,76,76,76,76,76,76,76,76,76],"card_choices":[{"not_picked":["Flying Knee","Bouncing Flask"],"picked":"Dagger Throw","floor":1.0},{"not_picked":["Deadly Poison","Riddle With Holes"],"picked":"Masterful Stab","floor":2.0},{"not_picked":["Slice","Escape Plan"],"picked":"Leg Sweep","floor":4.0},{"not_picked":["Quick Slash","Skewer"],"picked":"PiercingWail","floor":6.0},{"not_picked":["Cloak And Dagger","Phantasmal Killer"],"picked":"PiercingWail","floor":8.0},{"not_picked":["Flying Knee","Sucker Punch"],"picked":"Unload","floor":14.0},{"not_picked":["Venomology","Envenom+1"],"picked":"After Image+1","floor":16.0},{"not_picked":["Distraction","Catalyst"],"picked":"PiercingWail","floor":18.0},{"not_picked":["Backflip","All Out Attack"],"picked":"Well Laid Plans+1","floor":19.0},{"not_picked":["Quick Slash","Sucker Punch","Tactician"],"picked":"SKIP","floor":20.0},{"not_picked":["Riddle With Holes","Slice"],"picked":"Eviscerate+1","floor":21.0},{"not_picked":["Underhanded Strike","Quick Slash"],"picked":"Backflip+1","floor":24.0},{"not_picked":["PiercingWail","Backflip"],"picked":"Predator+1","floor":25.0},{"not_picked":["Prepared","Cloak And Dagger","Underhanded Strike"],"picked":"SKIP","floor":29.0},{"not_picked":["Bane","Infinite Blades+1"],"picked":"Corpse Explosion","floor":31.0},{"not_picked":["Corpse Explosion","Doppelganger"],"picked":"Bullet Time","floor":33.0},{"not_picked":["Outmaneuver+1","Prepared+1"],"picked":"Blade Dance+1","floor":35},{"not_picked":["Dodge and Roll","Dagger Spray","Quick Slash+1"],"picked":"SKIP","floor":37},{"not_picked":["Deflect","Infinite Blades+1"],"picked":"Noxious Fumes+1","floor":41},{"not_picked":["Reflex+1","Deflect+1","Bane"],"picked":"SKIP","floor":42},{"not_picked":["Cloak And Dagger","Sucker Punch"],"picked":"Catalyst+1","floor":46},{"not_picked":["Tactician+1","Sucker Punch"],"picked":"A Thousand Cuts+1","floor":47},{"not_picked":["Flying Knee","Deadly Poison+1"],"picked":"Acrobatics+1","floor":48}],"player_experience":87932,"relics_obtained":[{"floor":6.0,"key":"PreservedInsect"},{"floor":8.0,"key":"Whetstone"},{"floor":9.0,"key":"Orichalcum"},{"floor":14.0,"key":"Lizard Tail"},{"floor":24.0,"key":"Mummified Hand"},{"floor":26.0,"key":"MawBank"},{"floor":29.0,"key":"Du-Vu Doll"},{"floor":41,"key":"Unceasing Top"},{"floor":42,"key":"Nunchaku"},{"floor":43,"key":"Mercury Hourglass"},{"floor":47,"key":"Vajra"}],"event_choices":[{"damage_healed":0.0,"max_hp_gain":0.0,"max_hp_loss":0.0,"gold_gain":0.0,"event_name":"Scrap Ooze","player_choice":"Success","floor":3.0,"gold_loss":0.0,"damage_taken":12.0,"relics_obtained":["Frozen Egg 2"]},{"cards_removed":["Strike_G"],"damage_healed":0.0,"max_hp_gain":0.0,"max_hp_loss":0.0,"gold_gain":0.0,"event_name":"The Cleric","player_choice":"Card Removal","floor":5.0,"gold_loss":50.0,"damage_taken":0.0},{"cards_removed":["Strike_G"],"damage_healed":0.0,"max_hp_gain":0.0,"max_hp_loss":0.0,"gold_gain":0.0,"event_name":"Purifier","player_choice":"Purged","floor":13.0,"gold_loss":0.0,"damage_taken":0.0},{"damage_healed":0.0,"max_hp_gain":5.0,"max_hp_loss":0.0,"gold_gain":0.0,"event_name":"Forgotten Altar","player_choice":"Shed Blood","floor":22.0,"gold_loss":0.0,"damage_taken":18.0},{"damage_healed":0.0,"max_hp_gain":0.0,"max_hp_loss":0.0,"gold_gain":0.0,"event_name":"Vampires","player_choice":"Ignored","floor":27.0,"gold_loss":0.0,"damage_taken":0.0},{"damage_healed":0,"gold_gain":0,"player_choice":"Max HP","damage_taken":0,"max_hp_gain":0,"max_hp_loss":4,"event_name":"Winding Halls","floor":36,"gold_loss":0},{"damage_healed":0,"gold_gain":0,"player_choice":"Paid","damage_taken":0,"relics_obtained":["Red Mask"],"max_hp_gain":0,"max_hp_loss":0,"event_name":"Tomb of Lord Red Mask","floor":38,"gold_loss":174},{"damage_healed":0,"gold_gain":0,"player_choice":"Fight","damage_taken":0,"max_hp_gain":0,"max_hp_loss":0,"event_name":"MindBloom","floor":41,"gold_loss":0}],"is_beta":false,"boss_relics":[{"not_picked":["Calling Bell","Busted Crown"],"picked":"Coffee Dripper"},{"not_picked":["Ring of the Serpent","Pandora\u0027s Box"],"picked":"Sozu"}],"items_purged_floors":[11],"is_endless":false,"potions_floor_spawned":[6,8,16,18,19,31,37,41],"ascension_level":3}