{"gold_per_floor":[18,18,38,48,64,64,91,91,114,139,154,167,185,197,197,301,301,320,21,21],"floor_reached":20,"playtime":1892,"items_purged":[],"score":260,"play_id":"05b94073-96b1-4efc-b95f-2af0478e49f3","local_time":"20250111130759","is_ascension_mode":true,"campfire_choices":[{"data":"Tools of the Trade","floor":6,"key":"SMITH"},{"data":"Blade Dance","floor":8,"key":"SMITH"},{"data":"Bane","floor":15,"key":"SMITH"}],"neow_cost":"NO_GOLD","seed_source_timestamp":711273401082500,"circlet_count":0,"master_deck":["Strike_G","Strike_G","Strike_G","Strike_G","Strike_G","Defend_G","Defend_G","Defend_G","Defend_G","Defend_G","Survivor","Neutralize","Dagger Throw","Bane+1","Dagger Spray","Tools of the Trade+1","Blade Dance+1","Unload","Reflex","Deadly Poison","Terror","Venomology","Dodge and Roll+1"],"relics":["Ring of the Snake","Mango","Lantern","Potion Belt","Dream Catcher","SlaversCollar","Tough Bandages"],"potions_floor_usage":[7,10,14,20],"damage_taken":[{"damage":0,"enemies":"Cultist","floor":1,"turns":5},{"damage":0,"enemies":"Small Slimes","floor":3,"turns":3},{"damage":0,"enemies":"Jaw Worm","floor":4,"turns":3},{"damage":3,"enemies":"Blue Slaver","floor":5,"turns":5},{"damage":14,"enemies":"3 Sentries","floor":7,"turns":6},{"damage":27,"enemies":"Lagavulin","floor":10,"turns":5},{"damage":2,"enemies":"Exordium Wildlife","floor":11,"turns":2},{"damage":9,"enemies":"Large Slime","floor":12,"turns":4},{"damage":3,"enemies":"Blue Slaver","floor":13,"turns":3},{"damage":0,"enemies":"Lots of Slimes","floor":14,"turns":3},{"damage":22,"enemies":"The Guardian","floor":16,"turns":10},{"damage":23,"enemies":"2 Thieves","floor":18,"turns":4},{"damage":47,"enemies":"Masked Bandits","floor":20,"turns":5}],"seed_played":"-9069045730761547644","potions_obtained":[{"floor":3,"key":"Ancient Potion"},{"floor":4,"key":"Strength Potion"},{"floor":5,"key":"LiquidMemories"},{"floor":14,"key":"Fruit Juice"},{"floor":16,"key":"Energy Potion"}],"is_trial":false,"path_per_floor":["M","$","M","M","M","R","E","R","T","E","M","M","M","M","R","B",null,"M","$","?"],"character_chosen":"THE_SILENT","items_purchased":["Tough Bandages"],"campfire_rested":0,"item_purchase_floors":[19],"current_hp_per_floor":[84,84,84,84,81,81,67,67,67,40,38,29,26,31,31,9,69,46,46,0],"gold":21,"neow_bonus":"ONE_RARE_RELIC","is_prod":false,"is_daily":false,"chose_seed":false,"campfire_upgraded":3,"win_rate":0,"timestamp":1736629679,"path_taken":["M","?","M","M","M","R","E","R","T","E","M","M","M","M","R","BOSS","M","$","?"],"build_version":"2022-12-18","purchased_purges":0,"victory":false,"max_hp_per_floor":[84,84,84,84,84,84,84,84,84,84,84,84,84,89,89,89,89,89,89,89],"card_choices":[{"not_picked":["Dodge and Roll","Prepared"],"picked":"Dagger Throw","floor":1},{"not_picked":["Caltrops","Prepared"],"picked":"Bane","floor":3},{"not_picked":["Dodge and Roll","PiercingWail"],"picked":"Dagger Spray","floor":4},{"not_picked":["Poisoned Stab","Quick Slash"],"picked":"Tools of the Trade","floor":5},{"not_picked":["Blur","Poisoned Stab"],"picked":"Blade Dance","floor":7},{"not_picked":["Quick Slash","Outmaneuver"],"picked":"Unload","floor":10},{"not_picked":["Poisoned Stab","Deflect"],"picked":"Reflex","floor":11},{"not_picked":["Poisoned Stab","Crippling Poison"],"picked":"Deadly Poison","floor":12},{"not_picked":["Dagger Spray","Concentrate","Sucker Punch"],"picked":"SKIP","floor":13},{"not_picked":["Flechettes","Backstab"],"picked":"Terror","floor":14},{"not_picked":["Adrenaline","Envenom"],"picked":"Venomology","floor":16},{"not_picked":["Quick Slash","Blade Dance"],"picked":"Dodge and Roll+1","floor":18}],"player_experience":124932,"relics_obtained":[{"floor":7,"key":"Lantern"},{"floor":9,"key":"Potion Belt"},{"floor":10,"key":"Dream Catcher"}],"event_choices":[{"damage_healed":0,"gold_gain":0,"player_choice":"Fought Bandits","damage_taken":0,"max_hp_gain":0,"max_hp_loss":0,"event_name":"Masked Bandits","floor":20,"gold_loss":0}],"is_beta":false,"boss_relics":[{"not_picked":["Runic Dome","Ectoplasm"],"picked":"SlaversCollar"}],"items_purged_floors":[],"is_endless":false,"potions_floor_spawned":[3,4,5,14,16],"killed_by":"Masked Bandits","ascension_level":5}