{"gold_per_floor":[112,13,23,23,42,67,67,101,101,101,132,150,176,195,195,300,300,319,344,344,191,216,216,247,247,247,260,285,295,295,326,326,424,424,441,26,26,37,48,75,75,107,107,107,117,134,11,21,21,21],"floor_reached":51,"playtime":3882,"items_purged":["Normality","Writhe","Parasite"],"score":1081,"play_id":"b62d0321-c637-4b59-bc2f-4c867a5854a6","local_time":"20250112213622","is_ascension_mode":true,"campfire_choices":[{"data":"1","floor":7,"key":"LIFT"},{"data":"2","floor":10,"key":"LIFT"},{"data":"3","floor":15,"key":"LIFT"},{"data":"Phantasmal Killer","floor":23,"key":"SMITH"},{"data":"Acrobatics","floor":25,"key":"SMITH"},{"data":"Blade Dance","floor":32,"key":"SMITH"},{"data":"Apotheosis","floor":41,"key":"SMITH"},{"data":"Adrenaline","floor":44,"key":"SMITH"},{"data":"Tactician","floor":49,"key":"SMITH"}],"neow_cost":"CURSE","seed_source_timestamp":28564610840583,"circlet_count":0,"master_deck":["Survivor","Neutralize","All Out Attack","Acrobatics+1","Dagger Spray","Phantasmal Killer+1","Expertise","Underhanded Strike","Blade Dance+1","Footwork+1","Tools of the Trade+1","Backflip","PiercingWail","After Image+1","PiercingWail","PiercingWail+1","Blade Dance+1","A Thousand Cuts+1","Leg Sweep","Tactician+1","Corpse Explosion","Underhanded Strike","Sucker Punch","Cloak And Dagger","After Image+1","Underhanded Strike","Wraith Form v2+1","Crippling Poison","Blade Dance+1","Apotheosis+1","Footwork+1","Outmaneuver+1","Prepared+1","PiercingWail+1","Adrenaline+1","Setup+1","Accuracy+1","Tactician"],"relics":["Ring of the Snake","Girya","Art of War","Frozen Egg 2","Regal Pillow","Bag of Preparation","Torii","Strawberry","Runic Pyramid","Red Mask","Eternal Feather","War Paint","Toy Ornithopter","StrikeDummy","MealTicket","Bronze Scales","Pandora\u0027s Box","Membership Card","Incense Burner","Akabeko","Vajra"],"potions_floor_usage":[8,13,16,19,28,33],"damage_taken":[{"damage":3,"enemies":"2 Louse","floor":1,"turns":6},{"damage":3,"enemies":"Small Slimes","floor":3,"turns":4},{"damage":0,"enemies":"Jaw Worm","floor":5,"turns":4},{"damage":22,"enemies":"3 Sentries","floor":6,"turns":7},{"damage":15,"enemies":"Lagavulin","floor":8,"turns":5},{"damage":10,"enemies":"Gremlin Nob","floor":11,"turns":3},{"damage":0,"enemies":"Exordium Wildlife","floor":12,"turns":2},{"damage":1,"enemies":"3 Sentries","floor":13,"turns":4},{"damage":0,"enemies":"Blue Slaver","floor":14,"turns":2},{"damage":0,"enemies":"Slime Boss","floor":16,"turns":5},{"damage":8,"enemies":"Shell Parasite","floor":18,"turns":3},{"damage":2,"enemies":"Masked Bandits","floor":19,"turns":5},{"damage":4,"enemies":"Book of Stabbing","floor":24,"turns":5},{"damage":0,"enemies":"Chosen","floor":27,"turns":4},{"damage":8,"enemies":"Slavers","floor":28,"turns":6},{"damage":0,"enemies":"Snake Plant","floor":29,"turns":4},{"damage":1,"enemies":"Book of Stabbing","floor":31,"turns":6},{"damage":22,"enemies":"Collector","floor":33,"turns":10},{"damage":9,"enemies":"3 Darklings","floor":35,"turns":3},{"damage":0,"enemies":"Orb Walker","floor":38,"turns":3},{"damage":6,"enemies":"Writhing Mass","floor":39,"turns":6},{"damage":7,"enemies":"Reptomancer","floor":40,"turns":5},{"damage":1,"enemies":"Nemesis","floor":42,"turns":5},{"damage":0,"enemies":"3 Darklings","floor":45,"turns":2},{"damage":1,"enemies":"Maw","floor":46,"turns":6},{"damage":0,"enemies":"Transient","floor":48,"turns":5},{"damage":14,"enemies":"Awakened One","floor":50,"turns":9}],"seed_played":"1610949326722081004","potions_obtained":[{"floor":3,"key":"Energy Potion"},{"floor":8,"key":"Poison Potion"},{"floor":11,"key":"GhostInAJar"},{"floor":12,"key":"FearPotion"},{"floor":16,"key":"Energy Potion"},{"floor":18,"key":"Fire Potion"},{"floor":19,"key":"BlessingOfTheForge"},{"floor":29,"key":"Explosive Potion"},{"floor":31,"key":"Ancient Potion"},{"floor":39,"key":"SneckoOil"}],"is_trial":false,"path_per_floor":["M","$","M","?","M","E","R","E","T","R","E","M","E","M","R","B",null,"M","?","?","$","T","R","E","R","T","M","E","M","?","E","R","B",null,"M","$","?","M","M","E","R","E","T","R","M","M","$","M","R","B",null],"character_chosen":"THE_SILENT","items_purchased":["Acrobatics","PiercingWail","Apotheosis","Footwork+1","Membership Card","Accuracy+1","Tactician"],"campfire_rested":0,"item_purchase_floors":[2,21,36,36,36,47,47],"current_hp_per_floor":[60,60,57,54,54,32,32,17,17,17,7,7,13,13,13,13,61,53,51,51,51,51,63,59,71,71,71,68,68,54,53,68,51,74,65,80,80,80,74,67,82,81,81,82,82,81,79,79,79,65],"gold":21,"neow_bonus":"ONE_RARE_RELIC","is_prod":false,"is_daily":false,"chose_seed":false,"campfire_upgraded":6,"win_rate":0,"timestamp":1736746582,"path_taken":["M","$","M","?","M","E","R","E","T","R","E","M","E","M","R","BOSS","M","?","?","$","?","R","E","R","T","M","E","?","?","E","R","BOSS","M","$","?","M","M","E","R","E","T","R","M","M","$","?","R","BOSS"],"build_version":"2022-12-18","purchased_purges":3,"victory":true,"max_hp_per_floor":[70,70,70,70,70,70,70,70,70,70,70,70,77,77,77,77,77,77,77,77,77,77,77,77,77,77,77,77,77,82,82,82,82,82,82,82,82,82,82,82,82,82,82,82,82,82,79,79,79,79],"card_choices":[{"not_picked":["Poisoned Stab","Heel Hook"],"picked":"All Out Attack","floor":1},{"not_picked":["Cloak And Dagger","Accuracy"],"picked":"Dagger Spray","floor":3},{"not_picked":["Outmaneuver","Deflect","Escape Plan"],"picked":"SKIP","floor":5},{"not_picked":["Blur","Dagger Spray"],"picked":"Phantasmal Killer","floor":6},{"not_picked":["Endless Agony","Dagger Throw"],"picked":"Expertise","floor":8},{"not_picked":["Slice","Deadly Poison"],"picked":"Underhanded Strike","floor":11},{"not_picked":["Outmaneuver","Bane","Quick Slash"],"picked":"SKIP","floor":12},{"not_picked":["Sucker Punch","Caltrops+1"],"picked":"Blade Dance","floor":13},{"not_picked":["Dodge and Roll","PiercingWail"],"picked":"Footwork+1","floor":14},{"not_picked":["Night Terror","Doppelganger"],"picked":"Tools of the Trade+1","floor":16},{"not_picked":["Slice","All Out Attack+1"],"picked":"Backflip","floor":18},{"not_picked":["Poisoned Stab+1","Malaise"],"picked":"After Image+1","floor":24},{"not_picked":["Endless Agony+1","Crippling Poison"],"picked":"PiercingWail","floor":27},{"not_picked":["Dodge and Roll","Backstab","All Out Attack+1"],"picked":"SKIP","floor":28},{"not_picked":["Poisoned Stab","Backflip+1"],"picked":"PiercingWail+1","floor":29},{"not_picked":["Deflect","Bane"],"picked":"Blade Dance","floor":31},{"not_picked":["Night Terror","Corpse Explosion"],"picked":"A Thousand Cuts+1","floor":33},{"not_picked":["Flying Knee","Deadly Poison"],"picked":"Blade Dance+1","floor":35},{"not_picked":["Leg Sweep","Flying Knee+1"],"picked":"Outmaneuver+1","floor":38},{"not_picked":["Flechettes+1","Dash+1"],"picked":"Prepared+1","floor":39},{"not_picked":["Dodge and Roll","Deadly Poison"],"picked":"PiercingWail+1","floor":40},{"not_picked":["Predator","Deadly Poison"],"picked":"Adrenaline","floor":42},{"not_picked":["Acrobatics","Dodge and Roll+1","Deflect"],"picked":"SKIP","floor":45},{"not_picked":["Predator+1","Crippling Poison"],"picked":"Setup+1","floor":46},{"not_picked":["Infinite Blades+1","Heel Hook+1","Deflect+1"],"picked":"SKIP","floor":48}],"player_experience":145769,"relics_obtained":[{"floor":6,"key":"Frozen Egg 2"},{"floor":8,"key":"Regal Pillow"},{"floor":9,"key":"Bag of Preparation"},{"floor":11,"key":"Torii"},{"floor":13,"key":"Strawberry"},{"floor":19,"key":"Red Mask"},{"floor":22,"key":"War Paint"},{"floor":24,"key":"Toy Ornithopter"},{"floor":26,"key":"StrikeDummy"},{"floor":28,"key":"MealTicket"},{"floor":31,"key":"Bronze Scales"},{"floor":40,"key":"Incense Burner"},{"floor":42,"key":"Akabeko"},{"floor":43,"key":"Vajra"}],"event_choices":[{"damage_healed":0,"gold_gain":0,"player_choice":"Success","damage_taken":3,"relics_obtained":["Art of War"],"max_hp_gain":0,"max_hp_loss":0,"event_name":"Scrap Ooze","floor":4,"gold_loss":0},{"damage_healed":0,"gold_gain":0,"player_choice":"Fought Bandits","damage_taken":0,"max_hp_gain":0,"max_hp_loss":0,"event_name":"Masked Bandits","floor":19,"gold_loss":0},{"damage_healed":0,"gold_gain":0,"player_choice":"Opened","damage_taken":0,"relics_obtained":["Eternal Feather"],"max_hp_gain":0,"max_hp_loss":0,"event_name":"The Mausoleum","floor":20,"gold_loss":0,"cards_obtained":["Writhe"]},{"damage_healed":0,"gold_gain":0,"player_choice":"Shed Blood","damage_taken":19,"max_hp_gain":5,"max_hp_loss":0,"event_name":"Forgotten Altar","floor":30,"gold_loss":0},{"damage_healed":0,"gold_gain":0,"player_choice":"0 cards matched","damage_taken":0,"max_hp_gain":0,"max_hp_loss":0,"event_name":"Match and Keep!","floor":37,"gold_loss":0,"cards_obtained":[]}],"is_beta":false,"boss_relics":[{"not_picked":["Empty Cage","WristBlade"],"picked":"Runic Pyramid"},{"not_picked":["Snecko Eye","Ring of the Serpent"],"picked":"Pandora\u0027s Box"}],"items_purged_floors":[2,21,47],"is_endless":false,"potions_floor_spawned":[3,8,11,12,16,18,19,29,31,39,40,42,45],"ascension_level":6}