{"gold_per_floor":[116,191,266,285,17,17,47,47,71,87,115,133,151,182,182,286,286,298,316,231,46,56,90,90,117,141,157,173,173,200,200,200,304,304,323,323,132,146,163,163,197,212,261,290,302,340,363,407,419,431],"floor_reached":51,"playtime":4671,"items_purged":["Defend_G","Masterful Stab"],"score":1159,"play_id":"8900921e-837d-44db-90dd-3127572eac36","local_time":"20250111143818","is_ascension_mode":true,"campfire_choices":[{"data":"Apotheosis","floor":6,"key":"SMITH"},{"data":"Neutralize","floor":8,"key":"SMITH"},{"data":"Noxious Fumes","floor":15,"key":"SMITH"},{"data":"Wraith Form v2","floor":24,"key":"SMITH"},{"data":"Wraith Form v2","floor":32,"key":"SMITH"},{"floor":40,"key":"REST"},{"data":"Bullet Time","floor":45,"key":"SMITH"},{"floor":49,"key":"REST"}],"neow_cost":"NONE","seed_source_timestamp":713909405540416,"circlet_count":0,"master_deck":["Survivor","Neutralize+1","Heel Hook","PiercingWail","Apotheosis+1","Slice","Infinite Blades","Noxious Fumes+1","Acrobatics","Leg Sweep","Die Die Die","Riddle With Holes","Bullet Time","Venomology","Wraith Form v2+1","Noxious Fumes","Leg Sweep","Glass Knife","Masterful Stab","Acrobatics","Dark Shackles","Backflip+1","Wraith Form v2+1","Crippling Poison","Dodge and Roll+1","Prepared+1","Blur","Bullet Time+1","Accuracy+1","Footwork","Terror","Die Die Die","Deflect+1","Expertise+1","Bullet Time","Predator","Dash+1","PiercingWail+1","Well Laid Plans+1"],"relics":["Ring of the Serpent","NeowsBlessing","Calipers","PreservedInsect","Ancient Tea Set","Anchor","Pandora\u0027s Box","Regal Pillow","Membership Card","Pear","Bag of Preparation","Lantern","Shuriken","Kunai","MawBank","Bag of Marbles","Omamori"],"potions_floor_usage":[16,27,28,30,33,33,38,39,41,41,42,46,46,47,50,50,50],"damage_taken":[{"damage":0,"enemies":"Jaw Worm","floor":1,"turns":1},{"damage":0,"enemies":"2 Louse","floor":4,"turns":1},{"damage":0,"enemies":"Gremlin Nob","floor":7,"turns":1},{"damage":0,"enemies":"Cultist","floor":10,"turns":3},{"damage":4,"enemies":"Lagavulin","floor":11,"turns":7},{"damage":9,"enemies":"Exordium Thugs","floor":12,"turns":4},{"damage":0,"enemies":"Exordium Wildlife","floor":13,"turns":2},{"damage":15,"enemies":"Gremlin Nob","floor":14,"turns":3},{"damage":6,"enemies":"Slime Boss","floor":16,"turns":8},{"damage":0,"enemies":"Chosen","floor":18,"turns":4},{"damage":6,"enemies":"Spheric Guardian","floor":19,"turns":4},{"damage":6,"enemies":"Chosen and Byrds","floor":22,"turns":5},{"damage":0,"enemies":"Gremlin Leader","floor":23,"turns":5},{"damage":6,"enemies":"Slavers","floor":25,"turns":5},{"damage":0,"enemies":"Centurion and Healer","floor":27,"turns":4},{"damage":3,"enemies":"Snake Plant","floor":28,"turns":4},{"damage":0,"enemies":"Book of Stabbing","floor":30,"turns":3},{"damage":11,"enemies":"Collector","floor":33,"turns":8},{"damage":4,"enemies":"3 Darklings","floor":35,"turns":6},{"damage":0,"enemies":"Orb Walker","floor":38,"turns":4},{"damage":0,"enemies":"Transient","floor":39,"turns":5},{"damage":0,"enemies":"Reptomancer","floor":41,"turns":5},{"damage":0,"enemies":"3 Darklings","floor":42,"turns":3},{"damage":0,"enemies":"4 Shapes","floor":44,"turns":4},{"damage":1,"enemies":"Giant Head","floor":46,"turns":7},{"damage":0,"enemies":"Writhing Mass","floor":47,"turns":5},{"damage":5,"enemies":"Reptomancer","floor":48,"turns":6},{"damage":41,"enemies":"Awakened One","floor":50,"turns":10}],"seed_played":"744690397668796434","potions_obtained":[{"floor":1,"key":"SteroidPotion"},{"floor":4,"key":"Weak Potion"},{"floor":10,"key":"GhostInAJar"},{"floor":11,"key":"Regen Potion"},{"floor":18,"key":"Block Potion"},{"floor":19,"key":"Energy Potion"},{"floor":27,"key":"FearPotion"},{"floor":36,"key":"Strength Potion"},{"floor":36,"key":"CunningPotion"},{"floor":39,"key":"PowerPotion"},{"floor":41,"key":"Dexterity Potion"},{"floor":46,"key":"CunningPotion"}],"is_trial":false,"path_per_floor":["M","?","?","M","$","R","E","R","T","M","E","M","M","E","R","B",null,"M","M","?","$","M","E","R","E","T","M","M","?","E","?","R","B",null,"M","?","$","M","M","R","E","M","T","M","R","E","M","E","R","B",null],"character_chosen":"THE_SILENT","items_purchased":["Apotheosis","Membership Card","Dark Shackles","Footwork","Terror","Die Die Die"],"campfire_rested":2,"item_purchase_floors":[5,21,21,37,37,37],"current_hp_per_floor":[70,59,52,52,52,52,52,52,52,52,48,39,39,24,24,33,61,61,55,55,55,49,59,59,53,53,53,50,35,35,35,35,24,70,66,66,66,66,66,85,85,85,85,85,85,84,84,79,85,44],"gold":443,"neow_bonus":"THREE_ENEMY_KILL","is_prod":false,"is_daily":false,"chose_seed":false,"campfire_upgraded":6,"win_rate":0,"timestamp":1736635098,"path_taken":["M","?","?","?","?","R","E","R","T","M","E","M","M","E","R","BOSS","M","M","?","$","M","E","R","E","T","M","M","?","E","?","R","BOSS","M","?","$","M","M","R","E","?","T","M","R","E","M","E","R","BOSS"],"build_version":"2022-12-18","purchased_purges":2,"victory":true,"max_hp_per_floor":[70,70,70,70,70,70,70,70,70,70,70,70,70,70,70,70,70,70,70,70,70,70,80,80,80,80,80,80,85,85,85,85,85,85,85,85,85,85,85,85,85,85,85,85,85,85,85,85,85,85],"card_choices":[{"not_picked":["Acrobatics","Riddle With Holes"],"picked":"Heel Hook","floor":1},{"not_picked":["Acrobatics","Slice"],"picked":"PiercingWail","floor":4},{"not_picked":["Prepared","Flying Knee"],"picked":"Slice","floor":7},{"not_picked":["Dodge and Roll","Calculated Gamble"],"picked":"Infinite Blades","floor":10},{"not_picked":["Poisoned Stab","Infinite Blades"],"picked":"Noxious Fumes","floor":11},{"not_picked":["Endless Agony","Unload"],"picked":"Acrobatics","floor":12},{"not_picked":["Noxious Fumes","Quick Slash"],"picked":"Leg Sweep","floor":13},{"not_picked":["Heel Hook","Outmaneuver","Deadly Poison"],"picked":"SKIP","floor":14},{"not_picked":["Unload","After Image"],"picked":"Die Die Die","floor":16},{"not_picked":["Sucker Punch","Noxious Fumes"],"picked":"Acrobatics","floor":18},{"not_picked":["Distraction","Slice","Concentrate"],"picked":"SKIP","floor":19},{"not_picked":["Cloak And Dagger","Slice"],"picked":"Backflip+1","floor":22},{"not_picked":["Escape Plan","Quick Slash+1"],"picked":"Wraith Form v2","floor":23},{"not_picked":["Tactician","Deflect"],"picked":"Crippling Poison","floor":25},{"not_picked":["Terror","Flechettes"],"picked":"Dodge and Roll+1","floor":27},{"not_picked":["Quick Slash","Outmaneuver"],"picked":"Prepared+1","floor":28},{"not_picked":["Acrobatics","Dodge and Roll","Poisoned Stab"],"picked":"SKIP","floor":30},{"not_picked":["Doppelganger","Burst"],"picked":"Bullet Time","floor":33},{"not_picked":["Flying Knee","Dagger Spray+1"],"picked":"Accuracy+1","floor":35},{"not_picked":["Reflex","Backstab"],"picked":"Deflect+1","floor":38},{"not_picked":["Bane","Calculated Gamble"],"picked":"Expertise+1","floor":39},{"not_picked":["Slice","Caltrops"],"picked":"Bullet Time","floor":41},{"not_picked":["Deflect","Slice+1"],"picked":"Predator","floor":42},{"not_picked":["Slice+1","Dodge and Roll"],"picked":"Dash+1","floor":44},{"not_picked":["All Out Attack+1","Deflect","Deadly Poison+1"],"picked":"SKIP","floor":46},{"not_picked":["Underhanded Strike","Finisher"],"picked":"PiercingWail+1","floor":47},{"not_picked":["Setup","Night Terror"],"picked":"Well Laid Plans+1","floor":48}],"player_experience":127445,"relics_obtained":[{"floor":7,"key":"Calipers"},{"floor":9,"key":"PreservedInsect"},{"floor":11,"key":"Ancient Tea Set"},{"floor":14,"key":"Anchor"},{"floor":23,"key":"Pear"},{"floor":25,"key":"Bag of Preparation"},{"floor":26,"key":"Lantern"},{"floor":30,"key":"Shuriken"},{"floor":41,"key":"Kunai"},{"floor":43,"key":"MawBank"},{"floor":46,"key":"Bag of Marbles"},{"floor":48,"key":"Omamori"}],"event_choices":[{"damage_healed":0,"gold_gain":75,"player_choice":"Gather Gold","damage_taken":11,"max_hp_gain":0,"max_hp_loss":0,"event_name":"World of Goop","floor":2,"gold_loss":0},{"damage_healed":0,"gold_gain":75,"player_choice":"Touch","damage_taken":7,"max_hp_gain":0,"max_hp_loss":0,"event_name":"FaceTrader","floor":3,"gold_loss":0},{"damage_healed":0,"gold_gain":0,"player_choice":"Obtained Relic","damage_taken":0,"relics_obtained":["Regal Pillow"],"max_hp_gain":0,"max_hp_loss":0,"event_name":"Addict","floor":20,"gold_loss":85},{"damage_healed":0,"gold_gain":0,"player_choice":"Shed Blood","damage_taken":20,"max_hp_gain":5,"max_hp_loss":0,"event_name":"Forgotten Altar","floor":29,"gold_loss":0},{"damage_healed":0,"gold_gain":0,"player_choice":"Read","damage_taken":0,"max_hp_gain":0,"max_hp_loss":0,"event_name":"The Library","floor":31,"gold_loss":0,"cards_obtained":["Blur"]},{"damage_healed":0,"gold_gain":0,"player_choice":"Got Potions","damage_taken":0,"max_hp_gain":0,"max_hp_loss":0,"event_name":"Lab","floor":36,"gold_loss":0}],"is_beta":false,"boss_relics":[{"not_picked":["Busted Crown","Philosopher\u0027s Stone"],"picked":"Pandora\u0027s Box"},{"not_picked":["SacredBark","SlaversCollar"],"picked":"Ring of the Serpent"}],"items_purged_floors":[5,37],"is_endless":false,"potions_floor_spawned":[1,4,10,11,18,19,22,27,28,39,41,46],"ascension_level":5}