{"gold_per_floor":[114,114,133,83,83,116,136,136,136,136,22,34,63,83,83,178,178,191,210,210,226,226,226,253,281,293,48,48],"floor_reached":28,"playtime":1707,"items_purged":["Strike_G"],"score":360,"play_id":"8b334a7f-f139-4a20-8ca6-9e6866df2108","local_time":"20250121233906","is_ascension_mode":true,"campfire_choices":[{"data":"Cloak And Dagger","floor":8,"key":"SMITH"},{"floor":10,"key":"REST"},{"data":"Bouncing Flask","floor":15,"key":"SMITH"},{"data":"A Thousand Cuts","floor":23,"key":"SMITH"}],"neow_cost":"NONE","seed_source_timestamp":1087417034958,"circlet_count":0,"master_deck":["Strike_G+1","Defend_G+1","Defend_G","Survivor","Neutralize","Backflip+1","Cloak And Dagger+1","Leg Sweep","Acrobatics","Leg Sweep","Bouncing Flask+1","Expertise","Bullet Time","Terror+1","Wraith Form v2+1","Deflect+1","Expertise+1","Blade Dance","RitualDagger","Storm of Steel","A Thousand Cuts+1","Footwork","Accuracy"],"relics":["Sozu","Torii","Calipers","Omamori","Astrolabe","MawBank","Letter Opener","Gremlin Horn"],"potions_floor_usage":[],"damage_taken":[{"damage":2,"enemies":"2 Louse","floor":1,"turns":3},{"damage":0,"enemies":"Cultist","floor":3,"turns":5},{"damage":29,"enemies":"Lagavulin","floor":6,"turns":10},{"damage":0,"enemies":"Small Slimes","floor":7,"turns":3},{"damage":0,"enemies":"3 Louse","floor":12,"turns":5},{"damage":3,"enemies":"3 Sentries","floor":13,"turns":13},{"damage":0,"enemies":"Large Slime","floor":14,"turns":6},{"damage":4,"enemies":"Hexaghost","floor":16,"turns":11},{"damage":0,"enemies":"Chosen","floor":18,"turns":4},{"damage":7,"enemies":"3 Byrds","floor":19,"turns":7},{"damage":7,"enemies":"Snake Plant","floor":21,"turns":6},{"damage":29,"enemies":"Slavers","floor":24,"turns":3},{"damage":1,"enemies":"3 Cultists","floor":25,"turns":5},{"damage":15,"enemies":"Centurion and Healer","floor":28,"turns":1}],"seed_played":"-7290352064684867879","potions_obtained":[],"is_trial":false,"path_per_floor":["M","?","M","?","?","E","M","R","T","R","$","M","E","M","R","B",null,"M","M","?","M","?","R","E","M","T","$","M"],"character_chosen":"THE_SILENT","items_purchased":["Leg Sweep","Gremlin Horn"],"campfire_rested":1,"item_purchase_floors":[11,27],"current_hp_per_floor":[61,61,61,61,47,18,18,18,18,39,39,39,36,36,36,32,61,61,54,48,41,41,41,12,11,11,11,0],"gold":48,"neow_bonus":"BOSS_RELIC","is_prod":false,"is_daily":false,"chose_seed":false,"campfire_upgraded":3,"win_rate":0,"timestamp":1737531546,"path_taken":["M","?","?","?","?","E","M","R","T","R","$","M","E","M","R","BOSS","M","M","?","M","?","R","E","M","T","$","M"],"build_version":"2022-12-18","purchased_purges":1,"victory":false,"max_hp_per_floor":[70,70,70,70,70,70,70,70,70,70,70,70,70,70,70,70,70,70,70,70,70,70,70,70,70,70,70,70],"card_choices":[{"not_picked":["Dodge and Roll","Quick Slash"],"picked":"Backflip","floor":1},{"not_picked":["All Out Attack","Escape Plan"],"picked":"Cloak And Dagger","floor":3},{"not_picked":["Setup","Bane"],"picked":"Leg Sweep","floor":6},{"not_picked":["Slice","Predator"],"picked":"Acrobatics","floor":7},{"not_picked":["Deflect","Slice","All Out Attack"],"picked":"SKIP","floor":12},{"not_picked":["Dagger Throw","Sucker Punch"],"picked":"Bouncing Flask","floor":13},{"not_picked":["Endless Agony","Flying Knee"],"picked":"Expertise","floor":14},{"not_picked":["Tools of the Trade","Envenom"],"picked":"Bullet Time","floor":16},{"not_picked":["Backstab","Prepared"],"picked":"Expertise+1","floor":18},{"not_picked":["Cloak And Dagger","Prepared"],"picked":"Blade Dance","floor":19},{"not_picked":["Deflect","Storm of Steel","Poisoned Stab+1"],"picked":"SKIP","floor":21},{"not_picked":["Expertise","Outmaneuver"],"picked":"Footwork","floor":24},{"not_picked":["Sucker Punch","Dagger Throw+1"],"picked":"Accuracy","floor":25}],"player_experience":207675,"relics_obtained":[{"floor":6,"key":"Torii"},{"floor":9,"key":"Calipers"},{"floor":13,"key":"Omamori"},{"floor":24,"key":"MawBank"},{"floor":26,"key":"Letter Opener"}],"event_choices":[{"damage_healed":0,"gold_gain":0,"player_choice":"Upgraded","damage_taken":0,"max_hp_gain":0,"max_hp_loss":0,"event_name":"Upgrade Shrine","floor":2,"gold_loss":0,"cards_upgraded":["Backflip"]},{"cards_removed":["Defend_G"],"damage_healed":0,"gold_gain":0,"player_choice":"Card Removal","damage_taken":0,"max_hp_gain":0,"max_hp_loss":0,"event_name":"The Cleric","floor":4,"gold_loss":50},{"damage_healed":0,"gold_gain":0,"player_choice":"Entered Light","damage_taken":14,"max_hp_gain":0,"max_hp_loss":0,"event_name":"Shining Light","floor":5,"gold_loss":0,"cards_upgraded":["Defend_G","Strike_G"]},{"damage_healed":0,"gold_gain":0,"player_choice":"Joined the Cult","damage_taken":6,"max_hp_gain":0,"max_hp_loss":0,"event_name":"Nest","floor":20,"gold_loss":0,"cards_obtained":["RitualDagger"]},{"damage_healed":0,"gold_gain":0,"cards_transformed":["Strike_G","Defend_G"],"player_choice":"Became Test Subject","damage_taken":0,"max_hp_gain":0,"max_hp_loss":0,"event_name":"Drug Dealer","floor":22,"gold_loss":0,"cards_obtained":["Storm of Steel","A Thousand Cuts"]}],"is_beta":false,"boss_relics":[{"not_picked":["SacredBark","HoveringKite"],"picked":"Astrolabe"}],"items_purged_floors":[11],"is_endless":false,"potions_floor_spawned":[1,7,14,16,19,21,25],"killed_by":"Centurion and Healer","ascension_level":9}