{"gold_per_floor":[115,135,135,147,222,255,255,274,274,285,285,30,40,53,53,148,148,164,180,279,305,305,333,352,378,378,392,392,302,327,341,341,443,443,460,460,228,244,256,256,287,337,337,337,350,572,591,185,185,185],"floor_reached":51,"playtime":2695,"items_purged":["Defend_G","Bite+1"],"score":1240,"play_id":"0c3044b7-8f86-4d58-9f1d-bf0903e60610","local_time":"20250119233810","is_ascension_mode":true,"campfire_choices":[{"data":"Calculated Gamble","floor":7,"key":"SMITH"},{"floor":11,"key":"REST"},{"data":"Choke","floor":15,"key":"SMITH"},{"data":"Footwork","floor":28,"key":"SMITH"},{"data":"Corpse Explosion","floor":32,"key":"SMITH"},{"data":"Wraith Form v2","floor":40,"key":"SMITH"},{"data":"Dagger Spray","floor":44,"key":"SMITH"},{"data":"Storm of Steel","floor":49,"key":"SMITH"}],"neow_cost":"NONE","seed_source_timestamp":196758688935666,"circlet_count":0,"master_deck":["Defend_G+1","Defend_G+1","Defend_G","Survivor","Neutralize","Dagger Throw+1","Dagger Spray+1","Footwork+1","Calculated Gamble+1","Blade Dance","Choke+1","Dash+1","Terror","Backflip+1","Underhanded Strike+1","Bite+1","Bite+1","Bite+1","Bite+1","Outmaneuver+1","Corpse Explosion+1","Blur+1","Underhanded Strike+1","Wraith Form v2+1","Outmaneuver+1","Parasite","Choke+1","Prepared+1","Storm of Steel+1"],"relics":["Ring of the Serpent","Bag of Preparation","Ninja Scroll","Bottled Lightning","Molten Egg 2","Snecko Eye","Red Mask","MealTicket","Paper Crane","FossilizedHelix","Dream Catcher","Anchor","TungstenRod","Du-Vu Doll","Letter Opener","Lizard Tail"],"potions_floor_usage":[8,16,19,25,33,33,33,33,33,50],"damage_taken":[{"damage":0,"enemies":"Jaw Worm","floor":1,"turns":5},{"damage":0,"enemies":"Small Slimes","floor":2,"turns":4},{"damage":0,"enemies":"Cultist","floor":4,"turns":3},{"damage":25,"enemies":"3 Sentries","floor":6,"turns":8},{"damage":5,"enemies":"Large Slime","floor":8,"turns":7},{"damage":3,"enemies":"Blue Slaver","floor":10,"turns":4},{"damage":0,"enemies":"2 Fungi Beasts","floor":13,"turns":2},{"damage":6,"enemies":"Red Slaver","floor":14,"turns":2},{"damage":0,"enemies":"Hexaghost","floor":16,"turns":7},{"damage":9,"enemies":"Shell Parasite","floor":18,"turns":3},{"damage":11,"enemies":"2 Thieves","floor":19,"turns":3},{"damage":4,"enemies":"Masked Bandits","floor":21,"turns":3},{"damage":21,"enemies":"Book of Stabbing","floor":23,"turns":3},{"damage":0,"enemies":"Centurion and Healer","floor":24,"turns":5},{"damage":0,"enemies":"Slavers","floor":25,"turns":2},{"damage":0,"enemies":"Sentry and Sphere","floor":27,"turns":3},{"damage":11,"enemies":"Gremlin Leader","floor":30,"turns":5},{"damage":0,"enemies":"Snake Plant","floor":31,"turns":2},{"damage":32,"enemies":"Automaton","floor":33,"turns":8},{"damage":6,"enemies":"3 Darklings","floor":35,"turns":3},{"damage":0,"enemies":"Orb Walker","floor":38,"turns":4},{"damage":9,"enemies":"Writhing Mass","floor":39,"turns":6},{"damage":0,"enemies":"Reptomancer","floor":41,"turns":5},{"damage":0,"enemies":"Mind Bloom Boss Battle","floor":42,"turns":4},{"damage":0,"enemies":"3 Darklings","floor":45,"turns":2},{"damage":0,"enemies":"Spire Growth","floor":47,"turns":4},{"damage":14,"enemies":"Donu and Deca","floor":50,"turns":5}],"seed_played":"-2409845993291466064","potions_obtained":[{"floor":2,"key":"Strength Potion"},{"floor":8,"key":"DistilledChaos"},{"floor":10,"key":"Energy Potion"},{"floor":16,"key":"EntropicBrew"},{"floor":23,"key":"GhostInAJar"},{"floor":24,"key":"SteroidPotion"},{"floor":25,"key":"Weak Potion"},{"floor":38,"key":"BlessingOfTheForge"},{"floor":39,"key":"Fire Potion"},{"floor":45,"key":"SpeedPotion"}],"is_trial":false,"path_per_floor":["M","M","?","M","?","E","R","M","T","M","R","$","M","M","R","B",null,"M","M","?","?","?","E","M","E","T","M","R","?","E","M","R","B",null,"M","?","$","M","M","R","E","?","T","R","M","?","M","$","R","B",null],"character_chosen":"THE_SILENT","items_purchased":["Molten Egg 2","Anchor","Lizard Tail"],"campfire_rested":1,"item_purchase_floors":[12,37,48],"current_hp_per_floor":[63,63,49,49,42,17,17,12,12,9,30,30,30,24,24,24,59,50,39,39,35,35,23,29,29,29,35,35,35,42,48,48,26,43,40,40,49,49,49,49,49,49,49,49,49,49,49,49,49,41],"gold":185,"neow_bonus":"RANDOM_COMMON_RELIC","is_prod":false,"is_daily":false,"chose_seed":false,"campfire_upgraded":7,"win_rate":0,"timestamp":1737358690,"path_taken":["M","M","?","M","?","E","R","?","T","M","R","$","M","M","R","BOSS","M","M","?","?","?","E","M","E","T","M","R","?","E","?","R","BOSS","M","?","$","M","M","R","E","?","T","R","M","?","M","$","R","BOSS"],"build_version":"2022-12-18","purchased_purges":2,"victory":true,"max_hp_per_floor":[70,70,70,70,70,70,70,70,70,70,70,70,70,70,70,70,70,70,70,70,70,49,49,49,49,49,49,49,49,49,49,49,49,49,49,49,49,49,49,49,49,49,49,49,49,49,49,49,49,49],"card_choices":[{"not_picked":["Acrobatics","Poisoned Stab"],"picked":"Dagger Throw","floor":1},{"not_picked":["Cloak And Dagger","Sucker Punch"],"picked":"Dagger Spray","floor":2},{"not_picked":["Escape Plan","Flying Knee"],"picked":"Footwork","floor":4},{"not_picked":["Poisoned Stab","A Thousand Cuts"],"picked":"Calculated Gamble","floor":6},{"not_picked":["Deadly Poison","Deflect"],"picked":"Blade Dance","floor":8},{"not_picked":["Bane","Quick Slash"],"picked":"Choke","floor":10},{"not_picked":["Dodge and Roll","Catalyst"],"picked":"Dash+1","floor":13},{"not_picked":["Outmaneuver","Predator+1"],"picked":"Terror","floor":14},{"not_picked":["Wraith Form v2","Doppelganger"],"picked":"Glass Knife+1","floor":16},{"not_picked":["Well Laid Plans","Quick Slash+1","Acrobatics"],"picked":"SKIP","floor":18},{"not_picked":["Quick Slash+1","Skewer+1"],"picked":"Backflip+1","floor":19},{"not_picked":["Dagger Throw+1","Slice+1"],"picked":"Underhanded Strike+1","floor":21},{"not_picked":["All Out Attack+1","Expertise"],"picked":"Outmaneuver+1","floor":23},{"not_picked":["Cloak And Dagger+1","Backstab+1"],"picked":"Corpse Explosion","floor":24},{"not_picked":["Noxious Fumes+1","Escape Plan"],"picked":"Blur+1","floor":25},{"not_picked":["Infinite Blades","Dodge and Roll"],"picked":"Underhanded Strike+1","floor":27},{"not_picked":["Accuracy","Concentrate","Bane+1"],"picked":"SKIP","floor":30},{"not_picked":["Sucker Punch+1","Prepared","Underhanded Strike+1"],"picked":"SKIP","floor":31},{"not_picked":["Doppelganger","After Image"],"picked":"Wraith Form v2","floor":33},{"not_picked":["Setup","Deadly Poison+1","Flying Knee+1"],"picked":"SKIP","floor":35},{"not_picked":["Backflip","Flying Knee+1"],"picked":"Outmaneuver+1","floor":38},{"not_picked":["Prepared","Concentrate+1","Well Laid Plans+1"],"picked":"SKIP","floor":39},{"not_picked":["Sucker Punch+1","Dagger Throw+1"],"picked":"Choke+1","floor":41},{"not_picked":["Dodge and Roll","Outmaneuver"],"picked":"Prepared+1","floor":45},{"not_picked":["Finisher+1","Heel Hook+1"],"picked":"Storm of Steel","floor":47}],"player_experience":189084,"relics_obtained":[{"floor":6,"key":"Ninja Scroll"},{"floor":9,"key":"Bottled Lightning"},{"floor":21,"key":"Red Mask"},{"floor":23,"key":"MealTicket"},{"floor":25,"key":"Paper Crane"},{"floor":26,"key":"FossilizedHelix"},{"floor":30,"key":"Dream Catcher"},{"floor":41,"key":"TungstenRod"},{"floor":42,"key":"Du-Vu Doll"},{"floor":43,"key":"Letter Opener"}],"event_choices":[{"damage_healed":0,"gold_gain":0,"player_choice":"Entered Light","damage_taken":14,"max_hp_gain":0,"max_hp_loss":0,"event_name":"Shining Light","floor":3,"gold_loss":0,"cards_upgraded":["Defend_G","Dagger Throw"]},{"damage_healed":0,"gold_gain":75,"player_choice":"Touch","damage_taken":7,"max_hp_gain":0,"max_hp_loss":0,"event_name":"FaceTrader","floor":5,"gold_loss":0},{"damage_healed":0,"gold_gain":99,"player_choice":"Stole From Cult","damage_taken":0,"max_hp_gain":0,"max_hp_loss":0,"event_name":"Nest","floor":20,"gold_loss":0},{"damage_healed":0,"gold_gain":0,"player_choice":"Fought Bandits","damage_taken":0,"max_hp_gain":0,"max_hp_loss":0,"event_name":"Masked Bandits","floor":21,"gold_loss":0},{"damage_healed":0,"gold_gain":0,"player_choice":"Became a vampire","damage_taken":0,"max_hp_gain":0,"max_hp_loss":21,"event_name":"Vampires","floor":22,"gold_loss":0,"cards_obtained":["Bite","Bite","Bite","Bite","Bite"]},{"cards_removed":["Defend_G"],"damage_healed":0,"gold_gain":0,"player_choice":"Upgrade and Remove","damage_taken":0,"max_hp_gain":0,"max_hp_loss":0,"event_name":"Designer","floor":29,"gold_loss":90,"cards_upgraded":["Defend_G"]},{"cards_removed":["Glass Knife"],"damage_healed":0,"gold_gain":0,"player_choice":"Removed Attack","damage_taken":0,"max_hp_gain":0,"max_hp_loss":0,"event_name":"Falling","floor":36,"gold_loss":0},{"damage_healed":0,"gold_gain":0,"player_choice":"Fight","damage_taken":0,"max_hp_gain":0,"max_hp_loss":0,"event_name":"MindBloom","floor":42,"gold_loss":0},{"damage_healed":0,"gold_gain":222,"player_choice":"Wore Mask","damage_taken":0,"max_hp_gain":0,"max_hp_loss":0,"event_name":"Tomb of Lord Red Mask","floor":46,"gold_loss":0}],"is_beta":false,"boss_relics":[{"not_picked":["Cursed Key","Astrolabe"],"picked":"Snecko Eye"},{"not_picked":["SlaversCollar","Empty Cage"],"picked":"Ring of the Serpent"}],"items_purged_floors":[37,48],"is_endless":false,"potions_floor_spawned":[2,8,10,16,23,24,25,31,38,39,45,47],"ascension_level":8}