{"gold_per_floor":[114,61,72,25,125,151,170,170,193,225,239,259,289,301,301,301],"floor_reached":16,"playtime":596,"items_purged":[],"score":213,"play_id":"2514cd6e-52dd-4794-86f8-54e7820ff51b","local_time":"20250121231029","is_ascension_mode":true,"campfire_choices":[{"data":"Blade Dance","floor":8,"key":"SMITH"},{"data":"Catalyst","floor":15,"key":"SMITH"}],"neow_cost":"NONE","seed_source_timestamp":482192948916,"circlet_count":0,"master_deck":["Strike_G","Strike_G","Strike_G","Strike_G","Strike_G","Defend_G","Defend_G","Defend_G","Defend_G","Defend_G","Survivor","Neutralize","Deadly Poison","PiercingWail","Blade Dance+1","Deadly Poison","Blur","Acrobatics","Dagger Throw","Acrobatics","PiercingWail","Catalyst+1","Malaise"],"relics":["Ring of the Snake","NeowsBlessing","Regal Pillow","Anchor","White Beast Statue","Thread and Needle"],"potions_floor_usage":[10,13,14,16],"damage_taken":[{"damage":0,"enemies":"Jaw Worm","floor":1,"turns":1},{"damage":0,"enemies":"Cultist","floor":3,"turns":1},{"damage":0,"enemies":"Lagavulin","floor":6,"turns":1},{"damage":1,"enemies":"Small Slimes","floor":7,"turns":4},{"damage":11,"enemies":"3 Sentries","floor":10,"turns":9},{"damage":9,"enemies":"Exordium Thugs","floor":11,"turns":4},{"damage":1,"enemies":"Looter","floor":12,"turns":2},{"damage":2,"enemies":"Lagavulin","floor":13,"turns":5},{"damage":1,"enemies":"2 Fungi Beasts","floor":14,"turns":3},{"damage":23,"enemies":"Slime Boss","floor":16,"turns":10}],"seed_played":"4731995838177238354","potions_obtained":[{"floor":3,"key":"DuplicationPotion"},{"floor":7,"key":"Dexterity Potion"},{"floor":10,"key":"CunningPotion"},{"floor":11,"key":"FairyPotion"},{"floor":13,"key":"AttackPotion"},{"floor":14,"key":"FairyPotion"}],"is_trial":false,"path_per_floor":["M","$","M","$","?","E","M","R","T","E","M","M","E","M","R","B"],"character_chosen":"THE_SILENT","items_purchased":["PiercingWail","Deadly Poison"],"campfire_rested":0,"item_purchase_floors":[2,4],"current_hp_per_floor":[63,63,63,63,63,63,62,62,62,51,42,41,39,38,38,15],"gold":301,"neow_bonus":"THREE_ENEMY_KILL","is_prod":false,"is_daily":false,"chose_seed":false,"campfire_upgraded":2,"win_rate":0,"timestamp":1737529829,"path_taken":["M","$","M","$","?","E","M","R","T","E","M","M","E","?","R","BOSS"],"build_version":"2022-12-18","purchased_purges":0,"victory":false,"max_hp_per_floor":[70,70,70,70,70,70,70,70,70,70,70,70,70,70,70,70],"card_choices":[{"not_picked":["Dodge and Roll","Skewer"],"picked":"Deadly Poison","floor":1},{"not_picked":["Dodge and Roll","Prepared"],"picked":"Blade Dance","floor":3},{"not_picked":["Backstab","Cloak And Dagger"],"picked":"Blur","floor":6},{"not_picked":["Quick Slash","Outmaneuver"],"picked":"Acrobatics","floor":7},{"not_picked":["Deflect","Skewer"],"picked":"Dagger Throw","floor":10},{"not_picked":["Outmaneuver","Setup"],"picked":"Acrobatics","floor":11},{"not_picked":["Dagger Spray","Reflex"],"picked":"PiercingWail","floor":12},{"not_picked":["Expertise","Bane"],"picked":"Catalyst","floor":13},{"not_picked":["Dagger Spray","Prepared"],"picked":"Malaise","floor":14}],"player_experience":207079,"relics_obtained":[{"floor":6,"key":"Regal Pillow"},{"floor":9,"key":"Anchor"},{"floor":10,"key":"White Beast Statue"},{"floor":13,"key":"Thread and Needle"}],"event_choices":[{"damage_healed":0,"gold_gain":100,"player_choice":"Pray","damage_taken":0,"max_hp_gain":0,"max_hp_loss":0,"event_name":"Golden Shrine","floor":5,"gold_loss":0}],"is_beta":false,"boss_relics":[],"items_purged_floors":[],"is_endless":false,"potions_floor_spawned":[3,7,10,11,12,13,14],"killed_by":"Slime Boss","ascension_level":9}