{"gold_per_floor":[114,127,127,7,25,55,55,82,82,95,95,16,16,27,27,124,124,142,142,154,27,40,75,174,174,174,174,199,199,199,216,216,216],"floor_reached":33,"playtime":1809,"items_purged":["Strike_G","Strike_G"],"score":454,"play_id":"89e43ce6-2122-4f87-97b4-cd5fc4a2ec80","local_time":"20250206144147","is_ascension_mode":true,"campfire_choices":[{"data":"Prepared","floor":7,"key":"SMITH"},{"floor":11,"key":"REST"},{"floor":13,"key":"REST"},{"data":"Blade Dance","floor":15,"key":"SMITH"},{"data":"Accuracy","floor":25,"key":"SMITH"},{"floor":27,"key":"REST"},{"data":"Finisher","floor":29,"key":"SMITH"},{"floor":32,"key":"REST"}],"neow_cost":"NONE","seed_source_timestamp":348636882371417,"circlet_count":0,"master_deck":["AscendersBane","Strike_G","Strike_G","Defend_G","Defend_G","Defend_G","Survivor","Neutralize","Blade Dance+1","Predator","PiercingWail","Prepared+1","Dagger Throw","Unload","Underhanded Strike","Noxious Fumes","Finisher+1","Adrenaline","Calculated Gamble+1","Acrobatics+1","Accuracy+1","Tactician","Backstab+1","Accuracy+1","Expertise","Wraith Form v2"],"relics":["Ring of the Snake","Bronze Scales","Smiling Mask","WingedGreaves","StrikeDummy","WristBlade","Blue Candle","Ornamental Fan","Boot"],"potions_floor_usage":[6,6,16,33,33],"damage_taken":[{"damage":1,"enemies":"Jaw Worm","floor":1,"turns":4},{"damage":6,"enemies":"Cultist","floor":2,"turns":4},{"damage":0,"enemies":"Small Slimes","floor":5,"turns":2},{"damage":20,"enemies":"Lagavulin","floor":6,"turns":7},{"damage":34,"enemies":"3 Sentries","floor":8,"turns":9},{"damage":1,"enemies":"Red Slaver","floor":10,"turns":4},{"damage":0,"enemies":"2 Fungi Beasts","floor":14,"turns":3},{"damage":17,"enemies":"Slime Boss","floor":16,"turns":7},{"damage":6,"enemies":"3 Byrds","floor":18,"turns":2},{"damage":1,"enemies":"Spheric Guardian","floor":20,"turns":3},{"damage":13,"enemies":"Snecko","floor":22,"turns":3},{"damage":25,"enemies":"Gremlin Leader","floor":23,"turns":4},{"damage":1,"enemies":"Slavers","floor":28,"turns":3},{"damage":11,"enemies":"Snake Plant","floor":31,"turns":3},{"damage":68,"enemies":"Champ","floor":33,"turns":7}],"seed_played":"7706242919050467644","potions_obtained":[{"floor":1,"key":"Energy Potion"},{"floor":2,"key":"Block Potion"},{"floor":10,"key":"PowerPotion"},{"floor":22,"key":"Explosive Potion"},{"floor":28,"key":"Regen Potion"},{"floor":31,"key":"AttackPotion"}],"is_trial":false,"path_per_floor":["M","M","?","$","M","E","R","E","T","M","R","$","R","M","R","B",null,"M","?","M","$","M","E","?","R","T","R","E","R","?","M","R","B"],"character_chosen":"THE_SILENT","items_purchased":["PiercingWail","Noxious Fumes","Accuracy"],"campfire_rested":4,"item_purchase_floors":[4,12,21],"current_hp_per_floor":[62,56,56,56,56,36,36,2,2,1,22,22,43,43,43,26,59,53,53,52,52,39,14,14,14,14,35,34,34,34,23,44,0],"gold":216,"neow_bonus":"RANDOM_COMMON_RELIC","is_prod":false,"is_daily":false,"chose_seed":false,"campfire_upgraded":4,"win_rate":0,"timestamp":1738881707,"path_taken":["M","M","?","$","M","E","R","E","T","M","R","$","R","M","R","BOSS","M","?","?","$","M","E","?","R","T","R","E","R","?","?","R","BOSS"],"build_version":"2022-12-18","purchased_purges":2,"victory":false,"max_hp_per_floor":[70,70,70,70,70,70,70,70,70,70,70,70,70,70,70,70,70,70,70,70,70,70,70,70,70,70,70,70,70,70,70,70,70],"card_choices":[{"not_picked":["Finisher","Setup"],"picked":"Blade Dance","floor":1},{"not_picked":["Backflip","All Out Attack"],"picked":"Predator","floor":2},{"not_picked":["Poisoned Stab","Infinite Blades"],"picked":"Prepared","floor":5},{"not_picked":["Bane","Quick Slash"],"picked":"Dagger Throw","floor":6},{"not_picked":["Quick Slash","Deadly Poison"],"picked":"Unload","floor":8},{"not_picked":["Caltrops","Dagger Spray"],"picked":"Underhanded Strike","floor":10},{"not_picked":["Flechettes","Riddle With Holes"],"picked":"Finisher","floor":14},{"not_picked":["Storm of Steel","Unload"],"picked":"Adrenaline","floor":16},{"not_picked":["Predator","Deflect"],"picked":"Calculated Gamble+1","floor":18},{"not_picked":["Deadly Poison","Backflip"],"picked":"Acrobatics+1","floor":20},{"not_picked":["Skewer+1","Flying Knee"],"picked":"Tactician","floor":22},{"not_picked":["Dash","Sucker Punch"],"picked":"Backstab+1","floor":23},{"not_picked":["Backflip+1","Sucker Punch"],"picked":"Accuracy+1","floor":28},{"not_picked":["Eviscerate","Flying Knee"],"picked":"Wraith Form v2","floor":31}],"player_experience":247978,"relics_obtained":[{"floor":6,"key":"Smiling Mask"},{"floor":8,"key":"WingedGreaves"},{"floor":9,"key":"StrikeDummy"},{"floor":23,"key":"Blue Candle"},{"floor":26,"key":"Ornamental Fan"},{"floor":28,"key":"Boot"}],"event_choices":[{"cards_removed":["Defend_G"],"damage_healed":0,"gold_gain":0,"player_choice":"Purged","damage_taken":0,"max_hp_gain":0,"max_hp_loss":0,"event_name":"Purifier","floor":3,"gold_loss":0},{"cards_removed":["Defend_G"],"damage_healed":0,"gold_gain":0,"player_choice":"Purged","damage_taken":0,"max_hp_gain":0,"max_hp_loss":0,"event_name":"Purifier","floor":19,"gold_loss":0},{"damage_healed":0,"gold_gain":99,"player_choice":"Stole From Cult","damage_taken":0,"max_hp_gain":0,"max_hp_loss":0,"event_name":"Nest","floor":24,"gold_loss":0},{"damage_healed":0,"gold_gain":0,"cards_transformed":["Strike_G"],"player_choice":"Transformed","damage_taken":0,"max_hp_gain":0,"max_hp_loss":0,"event_name":"Transmorgrifier","floor":30,"gold_loss":0,"cards_obtained":["Expertise"]}],"is_beta":false,"boss_relics":[{"not_picked":["Tiny House","SacredBark"],"picked":"WristBlade"}],"items_purged_floors":[4,21],"is_endless":false,"potions_floor_spawned":[1,2,10,22,28,31],"killed_by":"Champ","ascension_level":11}