{"gold_per_floor":[114,16,30,30,49,74,89,114,114,114,134,134,163,163,163,268,268,286,21,41,41,41,71,71,71,71,83,108,133,150,178,178,274,274,285,303,263,57,73,73,103,103,127,153,4,22,57,57,57,57],"floor_reached":51,"playtime":3848,"items_purged":["Defend_G","Strike_G+1"],"score":1462,"play_id":"f5cd4435-73b8-4dd3-b224-7903611794d8","local_time":"20250206154614","is_ascension_mode":true,"campfire_choices":[{"data":"Blade Dance","floor":12,"key":"SMITH"},{"floor":15,"key":"REST"},{"data":"Blade Dance","floor":25,"key":"SMITH"},{"floor":32,"key":"REST"},{"data":"Terror","floor":40,"key":"SMITH"},{"data":"Accuracy","floor":42,"key":"SMITH"},{"data":"Blade Dance","floor":49,"key":"SMITH"}],"neow_cost":"NONE","seed_source_timestamp":350457935607625,"circlet_count":0,"master_deck":["AscendersBane","Strike_G+1","Strike_G+1","Strike_G+1","Strike_G+1","Defend_G+1","Defend_G+1","Defend_G+1","Defend_G+1","Survivor","Neutralize+1","Cloak And Dagger","Blade Dance+1","Masterful Stab+1","Blade Dance+1","Dodge and Roll","Blade Dance+1","After Image+1","Adrenaline","Cloak And Dagger","Deflect+1","Terror+1","Dodge and Roll","Blade Dance+1","Blur","After Image","Accuracy+1","Crippling Poison+1","Blur+1","Dark Shackles"],"relics":["Ring of the Snake","Smiling Mask","Mercury Hourglass","PreservedInsect","Kunai","Du-Vu Doll","Juzu Bracelet","WristBlade","Paper Crane","Bottled Flame","InkBottle","Red Mask","Bag of Marbles","Dream Catcher","Busted Crown","Bag of Preparation","Pear","Nunchaku","Bottled Lightning","Whetstone","Art of War"],"potions_floor_usage":[6,8,28],"damage_taken":[{"damage":4,"enemies":"2 Louse","floor":1,"turns":3},{"damage":0,"enemies":"Small Slimes","floor":3,"turns":3},{"damage":0,"enemies":"Jaw Worm","floor":5,"turns":4},{"damage":20,"enemies":"Lagavulin","floor":6,"turns":5},{"damage":0,"enemies":"2 Fungi Beasts","floor":7,"turns":2},{"damage":1,"enemies":"Gremlin Nob","floor":8,"turns":3},{"damage":0,"enemies":"Blue Slaver","floor":11,"turns":3},{"damage":0,"enemies":"3 Sentries","floor":13,"turns":4},{"damage":8,"enemies":"The Guardian","floor":16,"turns":12},{"damage":0,"enemies":"3 Byrds","floor":18,"turns":3},{"damage":0,"enemies":"Spheric Guardian","floor":20,"turns":1},{"damage":5,"enemies":"Gremlin Leader","floor":23,"turns":3},{"damage":0,"enemies":"Snecko","floor":27,"turns":3},{"damage":0,"enemies":"Masked Bandits","floor":28,"turns":3},{"damage":0,"enemies":"Slavers","floor":29,"turns":3},{"damage":0,"enemies":"3 Cultists","floor":30,"turns":3},{"damage":0,"enemies":"Book of Stabbing","floor":31,"turns":2},{"damage":13,"enemies":"Champ","floor":33,"turns":11},{"damage":0,"enemies":"Orb Walker","floor":35,"turns":1},{"damage":0,"enemies":"3 Shapes","floor":36,"turns":3},{"damage":0,"enemies":"Spire Growth","floor":39,"turns":3},{"damage":0,"enemies":"Giant Head","floor":41,"turns":3},{"damage":0,"enemies":"Nemesis","floor":44,"turns":3},{"damage":0,"enemies":"Maw","floor":46,"turns":4},{"damage":0,"enemies":"Giant Head","floor":47,"turns":2},{"damage":7,"enemies":"Donu and Deca","floor":50,"turns":8}],"seed_played":"-5544319014124430524","potions_obtained":[{"floor":5,"key":"AttackPotion"},{"floor":6,"key":"Explosive Potion"},{"floor":7,"key":"LiquidBronze"},{"floor":13,"key":"LiquidMemories"},{"floor":29,"key":"SmokeBomb"},{"floor":33,"key":"Weak Potion"}],"is_trial":false,"path_per_floor":["M","$","M","$","M","E","M","E","T","?","M","R","E","?","R","B",null,"M","$","M","?","?","E","?","R","T","M","?","E","M","E","R","B",null,"M","M","?","$","M","R","E","R","T","E","$","M","E","?","R","B",null],"character_chosen":"THE_SILENT","items_purchased":["Blade Dance","Paper Crane","Cloak And Dagger","Bag of Preparation","Whetstone"],"campfire_rested":2,"item_purchase_floors":[2,19,19,38,45],"current_hp_per_floor":[59,59,59,59,59,39,39,38,38,26,26,26,26,12,33,25,59,59,59,59,59,46,41,41,41,41,41,41,41,41,41,63,50,69,69,69,69,69,69,69,79,79,79,79,79,79,79,79,79,72],"gold":57,"neow_bonus":"RANDOM_COMMON_RELIC","is_prod":false,"is_daily":false,"chose_seed":false,"campfire_upgraded":5,"win_rate":0,"timestamp":1738885574,"path_taken":["M","$","M","$","M","E","M","E","T","?","M","R","E","?","R","BOSS","M","$","M","?","?","E","?","R","T","M","?","E","M","E","R","BOSS","M","M","?","$","M","R","E","R","T","E","?","M","E","?","R","BOSS"],"build_version":"2022-12-18","purchased_purges":2,"victory":true,"max_hp_per_floor":[70,70,70,70,70,70,70,70,70,70,70,70,70,70,70,70,70,70,70,70,70,75,75,75,75,75,75,75,75,75,75,75,75,75,75,75,75,75,75,75,85,85,85,85,85,85,85,85,85,85],"card_choices":[{"not_picked":["Acrobatics","Bane"],"picked":"Cloak And Dagger","floor":1},{"not_picked":["Sucker Punch","Calculated Gamble"],"picked":"Masterful Stab","floor":3},{"not_picked":["Underhanded Strike","Dagger Spray"],"picked":"Blade Dance","floor":5},{"not_picked":["Masterful Stab","Dagger Throw"],"picked":"Dodge and Roll","floor":6},{"not_picked":["Glass Knife","Sucker Punch"],"picked":"Blade Dance","floor":7},{"not_picked":["Poisoned Stab","Prepared","Noxious Fumes"],"picked":"SKIP","floor":8},{"not_picked":["Dagger Throw","Setup"],"picked":"After Image","floor":11},{"not_picked":["Reflex","Flechettes","Endless Agony"],"picked":"SKIP","floor":13},{"not_picked":["Unload","Envenom"],"picked":"Adrenaline","floor":16},{"not_picked":["Slice","Sucker Punch","Flechettes"],"picked":"SKIP","floor":18},{"not_picked":["Flying Knee","Bane+1","Underhanded Strike"],"picked":"SKIP","floor":20},{"not_picked":["Setup","Envenom"],"picked":"Deflect+1","floor":23},{"not_picked":["Bane","Deadly Poison+1"],"picked":"Terror","floor":27},{"not_picked":["Dagger Spray","PiercingWail"],"picked":"Dodge and Roll","floor":28},{"not_picked":["Tactician","Reflex"],"picked":"Blade Dance","floor":29},{"not_picked":["Acrobatics","Riddle With Holes"],"picked":"Blur","floor":30},{"not_picked":["Heel Hook","Terror","Slice"],"picked":"SKIP","floor":31},{"not_picked":["Blade Dance+1","Setup+1"],"picked":"After Image","floor":32},{"not_picked":["Poisoned Stab"],"picked":"SKIP","floor":35},{"not_picked":["Dagger Spray"],"picked":"SKIP","floor":36},{"not_picked":["Escape Plan"],"picked":"SKIP","floor":39},{"not_picked":[],"picked":"Accuracy","floor":41},{"not_picked":[],"picked":"Crippling Poison+1","floor":44},{"not_picked":[],"picked":"Blur+1","floor":46},{"not_picked":["Dagger Spray+1"],"picked":"SKIP","floor":47},{"not_picked":[],"picked":"Dark Shackles","floor":48}],"player_experience":249787,"relics_obtained":[{"floor":6,"key":"Mercury Hourglass"},{"floor":8,"key":"PreservedInsect"},{"floor":9,"key":"Kunai"},{"floor":13,"key":"Juzu Bracelet"},{"floor":23,"key":"Bottled Flame"},{"floor":26,"key":"InkBottle"},{"floor":28,"key":"Red Mask"},{"floor":29,"key":"Bag of Marbles"},{"floor":31,"key":"Dream Catcher"},{"floor":41,"key":"Pear"},{"floor":43,"key":"Nunchaku"},{"floor":44,"key":"Bottled Lightning"},{"floor":47,"key":"Art of War"}],"event_choices":[{"damage_healed":0,"gold_gain":0,"player_choice":"Success","damage_taken":12,"relics_obtained":["Du-Vu Doll"],"max_hp_gain":0,"max_hp_loss":0,"event_name":"Scrap Ooze","floor":10,"gold_loss":0},{"damage_healed":0,"gold_gain":0,"player_choice":"Entered Light","damage_taken":14,"max_hp_gain":0,"max_hp_loss":0,"event_name":"Shining Light","floor":14,"gold_loss":0,"cards_upgraded":["After Image","Strike_G"]},{"damage_healed":0,"gold_gain":0,"player_choice":"Ignored","damage_taken":0,"max_hp_gain":0,"max_hp_loss":0,"event_name":"Ghosts","floor":21,"gold_loss":0},{"damage_healed":0,"gold_gain":0,"player_choice":"Shed Blood","damage_taken":18,"max_hp_gain":5,"max_hp_loss":0,"event_name":"Forgotten Altar","floor":22,"gold_loss":0},{"damage_healed":0,"gold_gain":0,"player_choice":"Simplicity","damage_taken":0,"max_hp_gain":0,"max_hp_loss":0,"event_name":"Back to Basics","floor":24,"gold_loss":0,"cards_upgraded":["Strike_G","Strike_G","Strike_G","Strike_G","Defend_G","Defend_G","Defend_G","Defend_G"]},{"damage_healed":0,"gold_gain":0,"player_choice":"Fought Bandits","damage_taken":0,"max_hp_gain":0,"max_hp_loss":0,"event_name":"Masked Bandits","floor":28,"gold_loss":0},{"damage_healed":0,"gold_gain":0,"player_choice":"Upgraded Two","damage_taken":0,"max_hp_gain":0,"max_hp_loss":0,"event_name":"Designer","floor":37,"gold_loss":40,"cards_upgraded":["Blade Dance","Masterful Stab"]},{"damage_healed":0,"gold_gain":0,"player_choice":"Memory 1","damage_taken":0,"max_hp_gain":0,"max_hp_loss":0,"event_name":"SensoryStone","floor":48,"gold_loss":0}],"is_beta":false,"boss_relics":[{"not_picked":["Fusion Hammer","Ectoplasm"],"picked":"WristBlade"},{"not_picked":["Snecko Eye","Calling Bell"],"picked":"Busted Crown"}],"items_purged_floors":[2,38],"is_endless":false,"potions_floor_spawned":[5,6,7,13,18,20,29,33,36,39,46],"ascension_level":11}