{"gold_per_floor":[118,130,21,21,37,65,79,110,110,110,144,160,160,178,178,281,281,295,17,17,17,37,37,55,55,80,94,9,34,66,106,118,130],"floor_reached":33,"playtime":1817,"items_purged":["Defend_G"],"score":494,"play_id":"dad7f900-74d6-436e-9d76-f6e14c902c2e","local_time":"20250129161553","is_ascension_mode":true,"campfire_choices":[{"data":"Bouncing Flask","floor":13,"key":"SMITH"},{"data":"Backstab","floor":15,"key":"SMITH"},{"data":"Adrenaline","floor":23,"key":"SMITH"},{"data":"Glass Knife","floor":25,"key":"SMITH"},{"data":"Dagger Spray","floor":32,"key":"SMITH"}],"neow_cost":"NONE","seed_source_timestamp":66127599594875,"circlet_count":0,"master_deck":["Strike_G","Strike_G","Defend_G","Defend_G","Defend_G","Defend_G","Survivor","Neutralize","Bouncing Flask+1","Predator","Backstab+1","Leg Sweep","Crippling Poison","Dagger Spray+1","Glass Knife+1","Adrenaline+1","Backflip","PiercingWail+1","Blade Dance+1","Calculated Gamble+1","Riddle With Holes","Acrobatics+1","Tactician+1","Terror+1","Setup+1","Blade Dance+1","Escape Plan+1"],"relics":["Ring of the Snake","NeowsBlessing","WarpedTongs","The Courier","Gambling Chip","Pear","Spirit Poop","HornCleat","Empty Cage","Toxic Egg 2","Strawberry","Mango","MawBank","Anchor"],"potions_floor_usage":[6,8,16,29,29,33,33],"damage_taken":[{"damage":0,"enemies":"Small Slimes","floor":1,"turns":1},{"damage":0,"enemies":"Cultist","floor":2,"turns":1},{"damage":2,"enemies":"2 Louse","floor":5,"turns":1},{"damage":5,"enemies":"Gremlin Nob","floor":6,"turns":3},{"damage":9,"enemies":"Lots of Slimes","floor":7,"turns":5},{"damage":8,"enemies":"Lagavulin","floor":8,"turns":6},{"damage":10,"enemies":"3 Sentries","floor":11,"turns":8},{"damage":0,"enemies":"Looter","floor":12,"turns":3},{"damage":0,"enemies":"Red Slaver","floor":14,"turns":2},{"damage":6,"enemies":"Hexaghost","floor":16,"turns":8},{"damage":13,"enemies":"Shell Parasite","floor":18,"turns":5},{"damage":0,"enemies":"Spheric Guardian","floor":22,"turns":2},{"damage":10,"enemies":"Snecko","floor":24,"turns":4},{"damage":0,"enemies":"Centurion and Healer","floor":27,"turns":3},{"damage":13,"enemies":"Gremlin Leader","floor":29,"turns":3},{"damage":0,"enemies":"Sentry and Sphere","floor":30,"turns":3},{"damage":10,"enemies":"Slavers","floor":31,"turns":5},{"damage":69,"enemies":"Collector","floor":33,"turns":7}],"seed_played":"-3356245327183351610","potions_obtained":[{"floor":1,"key":"ColorlessPotion"},{"floor":6,"key":"FearPotion"},{"floor":7,"key":"SpeedPotion"},{"floor":11,"key":"Strength Potion"},{"floor":18,"key":"FearPotion"},{"floor":24,"key":"CultistPotion"},{"floor":29,"key":"Block Potion"}],"is_trial":false,"path_per_floor":["M","M","$","?","M","E","M","E","T","?","E","M","R","M","R","B",null,"M","$","?","?","M","R","M","R","T","M","?","E","M","E","R","B"],"character_chosen":"THE_SILENT","items_purchased":["Backstab","Toxic Egg 2","PiercingWail+1","Blade Dance+1"],"campfire_rested":0,"item_purchase_floors":[3,19,19,19],"current_hp_per_floor":[63,63,63,63,61,56,47,39,49,49,39,39,39,39,39,33,68,55,55,55,55,55,55,45,45,52,52,66,53,53,43,43,0],"gold":130,"neow_bonus":"THREE_ENEMY_KILL","is_prod":false,"is_daily":false,"chose_seed":false,"campfire_upgraded":5,"win_rate":0,"timestamp":1738196153,"path_taken":["M","M","$","?","?","E","M","E","T","?","E","?","R","M","R","BOSS","M","$","?","?","?","R","M","R","T","M","?","E","M","E","R","BOSS"],"build_version":"2022-12-18","purchased_purges":1,"victory":false,"max_hp_per_floor":[70,70,70,70,70,70,70,70,80,80,80,80,80,80,80,80,80,80,80,80,80,80,80,80,80,87,87,101,101,101,101,101,101],"card_choices":[{"not_picked":["Outmaneuver","Cloak And Dagger"],"picked":"Bouncing Flask","floor":1},{"not_picked":["Infinite Blades","Well Laid Plans"],"picked":"Predator","floor":2},{"not_picked":["Sucker Punch","Flying Knee"],"picked":"Leg Sweep","floor":5},{"not_picked":["Deflect","Poisoned Stab"],"picked":"Crippling Poison","floor":6},{"not_picked":["Finisher","Outmaneuver","Endless Agony"],"picked":"SKIP","floor":7},{"not_picked":["Bane","Dodge and Roll"],"picked":"Dagger Spray","floor":8},{"not_picked":["Quick Slash","Dodge and Roll"],"picked":"Glass Knife","floor":11},{"not_picked":["Poisoned Stab","Slice","Distraction"],"picked":"SKIP","floor":12},{"not_picked":["Choke","Accuracy","Sucker Punch"],"picked":"SKIP","floor":14},{"not_picked":["Envenom","Tools of the Trade"],"picked":"Adrenaline","floor":16},{"not_picked":["Slice+1","Dagger Spray"],"picked":"Backflip","floor":18},{"not_picked":["Crippling Poison+1","Quick Slash"],"picked":"Acrobatics+1","floor":22},{"not_picked":["Dagger Spray","Slice"],"picked":"Tactician+1","floor":24},{"not_picked":["Deadly Poison+1","Underhanded Strike"],"picked":"Terror+1","floor":27},{"not_picked":["Dagger Spray","Underhanded Strike"],"picked":"Setup+1","floor":29},{"not_picked":["Slice","Underhanded Strike+1"],"picked":"Blade Dance+1","floor":30},{"not_picked":["Cloak And Dagger+1","Sucker Punch"],"picked":"Escape Plan+1","floor":31}],"player_experience":209382,"relics_obtained":[{"floor":6,"key":"The Courier"},{"floor":8,"key":"Gambling Chip"},{"floor":9,"key":"Pear"},{"floor":11,"key":"HornCleat"},{"floor":26,"key":"Strawberry"},{"floor":29,"key":"MawBank"},{"floor":31,"key":"Anchor"}],"event_choices":[{"damage_healed":0,"gold_gain":0,"player_choice":"Rummage","damage_taken":0,"relics_obtained":["WarpedTongs"],"max_hp_gain":0,"max_hp_loss":0,"event_name":"Accursed Blacksmith","floor":4,"gold_loss":0,"cards_obtained":["Pain"]},{"cards_removed":["Pain"],"damage_healed":0,"gold_gain":0,"player_choice":"Offered Curse","damage_taken":0,"relics_obtained":["Spirit Poop"],"max_hp_gain":0,"max_hp_loss":0,"event_name":"Bonfire Elementals","floor":10,"gold_loss":0},{"damage_healed":0,"gold_gain":0,"player_choice":"Read","damage_taken":0,"max_hp_gain":0,"max_hp_loss":0,"event_name":"The Library","floor":20,"gold_loss":0,"cards_obtained":["Calculated Gamble"]},{"damage_healed":0,"gold_gain":0,"cards_transformed":["Strike_G"],"player_choice":"Transformed","damage_taken":0,"max_hp_gain":0,"max_hp_loss":0,"event_name":"Transmorgrifier","floor":21,"gold_loss":0,"cards_obtained":["Riddle With Holes"]},{"damage_healed":0,"gold_gain":0,"player_choice":"Obtained Relic","damage_taken":0,"relics_obtained":["Mango"],"max_hp_gain":0,"max_hp_loss":0,"event_name":"Addict","floor":28,"gold_loss":85}],"is_beta":false,"boss_relics":[{"not_picked":["Philosopher\u0027s Stone","Cursed Key"],"picked":"Empty Cage"}],"items_purged_floors":[3],"is_endless":false,"potions_floor_spawned":[1,6,7,11,18,24,29],"killed_by":"Collector","ascension_level":9}