{"gold_per_floor":[109,129,129,149,164,196,215,248,299,325,402,415,4,43,43,163,163,194,284,324,3,19,54,54,102,102,102,122,122,140,175,175,272,272,288,288,288,288,322,351,351,384,450,480,492,504,544,567,579,591],"floor_reached":51,"playtime":2904,"items_purged":["Strike_G","Strike_G"],"score":1407,"play_id":"64d161bf-8594-4b8d-bff0-aaa1bb78e4c6","local_time":"20250129170436","is_ascension_mode":true,"campfire_choices":[{"floor":15,"key":"REST"},{"floor":24,"key":"REST"},{"floor":27,"key":"REST"},{"floor":29,"key":"REST"},{"floor":32,"key":"REST"},{"floor":41,"key":"RECALL"},{"floor":46,"key":"REST"},{"floor":49,"key":"REST"}],"neow_cost":"NONE","seed_source_timestamp":67956657274667,"circlet_count":0,"master_deck":["Strike_G","Strike_G","Strike_G","Defend_G","Defend_G","Defend_G","Defend_G","Defend_G","Survivor","Neutralize","Trip+1","Slice","Predator","Dagger Throw","Acrobatics","Eviscerate","Dagger Throw","Well Laid Plans","Tactician","HandOfGreed","Die Die Die","PiercingWail","Footwork","Corpse Explosion","PiercingWail+1","Backflip+1","PiercingWail","PiercingWail","Crippling Poison+1","Cloak And Dagger+1","Calculated Gamble+1","Venomology","Dagger Spray+1","Blur+1","Phantasmal Killer","Setup+1","Venomology","Calculated Gamble+1","Flying Knee+1","Quick Slash+1"],"relics":["Ring of the Snake","Toy Ornithopter","Potion Belt","Omamori","Pear","Mercury Hourglass","Regal Pillow","Black Star","Bag of Preparation","Dream Catcher","Lizard Tail","Tiny Chest","Calipers","TungstenRod","PreservedInsect","FossilizedHelix","Fusion Hammer","The Courier","White Beast Statue","Akabeko","MawBank","The Specimen","Snake Skull","Bag of Marbles","Boot"],"potions_floor_usage":[10,16,16,20,20,22,23,25,31,33,33,40,42,42,42,42,44,44,47,47,50,50,50,50,50],"damage_taken":[{"damage":0,"enemies":"2 Louse","floor":1,"turns":4},{"damage":0,"enemies":"Cultist","floor":2,"turns":3},{"damage":0,"enemies":"Jaw Worm","floor":4,"turns":1},{"damage":3,"enemies":"Exordium Thugs","floor":5,"turns":5},{"damage":17,"enemies":"Gremlin Nob","floor":6,"turns":4},{"damage":2,"enemies":"Red Slaver","floor":7,"turns":2},{"damage":17,"enemies":"Lagavulin","floor":8,"turns":6},{"damage":13,"enemies":"Gremlin Nob","floor":10,"turns":3},{"damage":6,"enemies":"Large Slime","floor":12,"turns":3},{"damage":6,"enemies":"Looter","floor":14,"turns":2},{"damage":0,"enemies":"Slime Boss","floor":16,"turns":5},{"damage":33,"enemies":"Spheric Guardian","floor":18,"turns":4},{"damage":4,"enemies":"3 Byrds","floor":20,"turns":4},{"damage":11,"enemies":"Snecko","floor":22,"turns":5},{"damage":16,"enemies":"Slavers","floor":23,"turns":5},{"damage":39,"enemies":"Book of Stabbing","floor":25,"turns":6},{"damage":17,"enemies":"Centurion and Healer","floor":28,"turns":3},{"damage":7,"enemies":"Chosen and Byrds","floor":30,"turns":6},{"damage":26,"enemies":"Slavers","floor":31,"turns":3},{"damage":108,"enemies":"Collector","floor":33,"turns":12},{"damage":0,"enemies":"Orb Walker","floor":35,"turns":3},{"damage":0,"enemies":"3 Darklings","floor":39,"turns":3},{"damage":0,"enemies":"Reptomancer","floor":40,"turns":5},{"damage":63,"enemies":"Giant Head","floor":42,"turns":8},{"damage":48,"enemies":"Transient","floor":44,"turns":5},{"damage":17,"enemies":"Nemesis","floor":47,"turns":7},{"damage":12,"enemies":"Sphere and 2 Shapes","floor":48,"turns":4},{"damage":62,"enemies":"Donu and Deca","floor":50,"turns":7}],"seed_played":"-7813926937791091855","potions_obtained":[{"floor":7,"key":"SkillPotion"},{"floor":10,"key":"DistilledChaos"},{"floor":12,"key":"SpeedPotion"},{"floor":14,"key":"Strength Potion"},{"floor":16,"key":"Weak Potion"},{"floor":20,"key":"CultistPotion"},{"floor":22,"key":"Energy Potion"},{"floor":30,"key":"ColorlessPotion"},{"floor":31,"key":"Block Potion"},{"floor":39,"key":"Fire Potion"},{"floor":40,"key":"DuplicationPotion"},{"floor":42,"key":"BlessingOfTheForge"},{"floor":44,"key":"FairyPotion"},{"floor":47,"key":"Dexterity Potion"},{"floor":48,"key":"ColorlessPotion"}],"is_trial":false,"path_per_floor":["M","M","?","M","M","E","M","E","T","E","T","M","$","M","R","B",null,"M","?","M","$","M","E","R","E","T","R","M","R","M","E","R","B",null,"M","?","?","T","M","E","R","E","T","M","?","R","E","M","R","B",null],"character_chosen":"THE_SILENT","items_purchased":["HandOfGreed","Regal Pillow","Footwork","Bag of Preparation"],"campfire_rested":7,"item_purchase_floors":[13,13,21,21],"current_hp_per_floor":[63,63,63,63,60,43,41,24,24,26,26,20,20,14,53,63,76,43,18,24,24,18,7,46,12,12,51,34,73,66,45,80,28,67,67,67,67,67,67,72,72,18,18,2,2,39,32,20,57,19],"gold":603,"neow_bonus":"RANDOM_COLORLESS","is_prod":false,"is_daily":false,"chose_seed":false,"campfire_upgraded":0,"win_rate":0,"timestamp":1738199076,"path_taken":["M","M","?","M","M","E","?","E","T","E","?","M","$","M","R","BOSS","M","?","M","?","M","E","R","E","T","R","?","R","M","E","R","BOSS","M","?","?","?","M","E","R","E","T","M","?","R","E","?","R","BOSS"],"build_version":"2022-12-18","purchased_purges":2,"victory":true,"max_hp_per_floor":[70,70,70,70,70,70,70,70,70,80,80,80,80,80,80,80,80,80,80,80,80,80,80,80,80,80,80,80,80,80,80,80,80,80,80,80,76,76,76,76,76,76,76,76,76,76,76,76,76,76],"card_choices":[{"not_picked":["Madness","Flash of Steel"],"picked":"Trip","floor":0},{"not_picked":["Setup","Poisoned Stab"],"picked":"Slice","floor":1},{"not_picked":["Distraction","Prepared"],"picked":"Predator","floor":2},{"not_picked":["Backflip","Acrobatics"],"picked":"Dagger Throw","floor":4},{"not_picked":["Distraction","Outmaneuver"],"picked":"Acrobatics","floor":5},{"not_picked":["Flying Knee","Quick Slash"],"picked":"Eviscerate","floor":6},{"not_picked":["Well Laid Plans","Masterful Stab"],"picked":"Dagger Throw","floor":7},{"not_picked":["Deadly Poison","After Image"],"picked":"Well Laid Plans","floor":8},{"not_picked":["Deadly Poison","Setup"],"picked":"Tactician","floor":10},{"not_picked":["Outmaneuver","Sucker Punch","Prepared"],"picked":"SKIP","floor":12},{"not_picked":["Infinite Blades","Poisoned Stab","Masterful Stab"],"picked":"SKIP","floor":14},{"not_picked":["Phantasmal Killer","Grand Finale"],"picked":"Die Die Die","floor":16},{"not_picked":["Quick Slash","Accuracy","Prepared"],"picked":"SKIP","floor":18},{"not_picked":["Dagger Spray","Outmaneuver"],"picked":"PiercingWail","floor":20},{"not_picked":["Predator+1","Accuracy"],"picked":"Corpse Explosion","floor":22},{"not_picked":["Underhanded Strike","Backflip"],"picked":"PiercingWail+1","floor":23},{"not_picked":["Prepared","Accuracy"],"picked":"Backflip+1","floor":24},{"not_picked":["Quick Slash","Doppelganger","Tactician+1"],"picked":"SKIP","floor":25},{"not_picked":["Quick Slash","Deadly Poison"],"picked":"PiercingWail","floor":27},{"not_picked":["Flying Knee","Cloak And Dagger"],"picked":"PiercingWail","floor":28},{"not_picked":["Heel Hook","Dash"],"picked":"Crippling Poison+1","floor":29},{"not_picked":["Tactician","Sucker Punch+1","Dagger Spray"],"picked":"SKIP","floor":30},{"not_picked":["Bouncing Flask","Leg Sweep"],"picked":"Cloak And Dagger+1","floor":31},{"not_picked":["Flying Knee","Eviscerate"],"picked":"Calculated Gamble+1","floor":32},{"not_picked":["Glass Knife","Unload"],"picked":"Venomology","floor":33},{"not_picked":["Prepared+1","Blade Dance+1"],"picked":"Dagger Spray+1","floor":35},{"not_picked":["Outmaneuver","Deflect+1"],"picked":"Blur+1","floor":39},{"not_picked":["Accuracy+1","Cloak And Dagger+1"],"picked":"Phantasmal Killer","floor":40},{"not_picked":["Backstab","Slice","Sucker Punch+1"],"picked":"SKIP","floor":42},{"not_picked":["Underhanded Strike","Leg Sweep"],"picked":"Setup+1","floor":44},{"not_picked":["Dagger Throw","A Thousand Cuts"],"picked":"Calculated Gamble+1","floor":46},{"not_picked":["Dagger Spray","Blur","Quick Slash"],"picked":"SKIP","floor":47},{"not_picked":["Concentrate+1","Blur"],"picked":"Flying Knee+1","floor":48},{"not_picked":["Slice","Escape Plan+1"],"picked":"Quick Slash+1","floor":49}],"player_experience":211199,"relics_obtained":[{"floor":6,"key":"Toy Ornithopter"},{"floor":8,"key":"Potion Belt"},{"floor":9,"key":"Omamori"},{"floor":10,"key":"Pear"},{"floor":11,"key":"Mercury Hourglass"},{"floor":23,"key":"Dream Catcher"},{"floor":23,"key":"Lizard Tail"},{"floor":25,"key":"Tiny Chest"},{"floor":25,"key":"Calipers"},{"floor":26,"key":"TungstenRod"},{"floor":31,"key":"PreservedInsect"},{"floor":31,"key":"FossilizedHelix"},{"floor":38,"key":"The Courier"},{"floor":40,"key":"White Beast Statue"},{"floor":40,"key":"Akabeko"},{"floor":42,"key":"MawBank"},{"floor":42,"key":"The Specimen"},{"floor":43,"key":"Snake Skull"},{"floor":47,"key":"Bag of Marbles"},{"floor":47,"key":"Boot"}],"event_choices":[{"damage_healed":0,"gold_gain":0,"player_choice":"Upgraded","damage_taken":0,"max_hp_gain":0,"max_hp_loss":0,"event_name":"Upgrade Shrine","floor":3,"gold_loss":0,"cards_upgraded":["Trip"]},{"damage_healed":0,"gold_gain":90,"player_choice":"POTION GOLD POTION ","damage_taken":25,"max_hp_gain":0,"max_hp_loss":0,"event_name":"Knowing Skull","floor":19,"potions_obtained":["LiquidBronze","SkillPotion"],"gold_loss":0,"cards_obtained":[]},{"damage_healed":0,"gold_gain":0,"player_choice":"Ignored","damage_taken":0,"max_hp_gain":0,"max_hp_loss":0,"event_name":"Tomb of Lord Red Mask","floor":36,"gold_loss":0},{"damage_healed":0,"gold_gain":0,"player_choice":"Max HP","damage_taken":0,"max_hp_gain":0,"max_hp_loss":4,"event_name":"Winding Halls","floor":37,"gold_loss":0},{"damage_healed":0,"gold_gain":0,"player_choice":"Copied","damage_taken":0,"max_hp_gain":0,"max_hp_loss":0,"event_name":"Duplicator","floor":45,"gold_loss":0,"cards_obtained":["Venomology"]}],"is_beta":false,"boss_relics":[{"not_picked":["Runic Dome","Coffee Dripper"],"picked":"Black Star"},{"not_picked":["Astrolabe","Tiny House"],"picked":"Fusion Hammer"}],"items_purged_floors":[13,21],"is_endless":false,"potions_floor_spawned":[7,10,12,14,16,20,22,30,31,39,40,42,44,47,48],"ascension_level":9}