{"gold_per_floor":[114,124,48,61,79,79,94,94,145,172,28,41,57,90,90,167,167,184,196,209,36,36,36,46,46,46,58,85,85,100,114,114,186,186,198,120,120,140,140,140,159,177,202,221,221,256,64,82,82,82],"floor_reached":51,"playtime":2102,"items_purged":["Strike_G","Strike_G"],"score":1280,"play_id":"b37a37f8-19e3-47e9-931e-94052fd89717","local_time":"20250215191738","is_ascension_mode":true,"campfire_choices":[{"data":"Backstab","floor":6,"key":"SMITH"},{"data":"Cloak And Dagger","floor":8,"key":"SMITH"},{"data":"Infinite Blades","floor":15,"key":"SMITH"},{"floor":23,"key":"REST"},{"floor":25,"key":"REST"},{"floor":29,"key":"REST"},{"data":"Accuracy","floor":32,"key":"SMITH"},{"floor":40,"key":"RECALL"},{"data":"Acrobatics","floor":45,"key":"SMITH"},{"data":"Blade Dance","floor":49,"key":"SMITH"}],"neow_cost":"NONE","seed_source_timestamp":312048436914917,"circlet_count":0,"master_deck":["AscendersBane","Strike_G+1","Defend_G+1","Defend_G+1","Defend_G+1","Survivor+1","Neutralize+1","Acrobatics+1","Underhanded Strike+1","Backstab+1","Dagger Spray+1","Adrenaline+1","Cloak And Dagger+1","Backstab+1","Accuracy+1","PiercingWail+1","Infinite Blades+1","Accuracy+1","Storm of Steel+1","Endless Agony+1","Choke+1","Expertise+1","Storm of Steel+1","Distraction+1","Backflip+1","Accuracy+1","Cloak And Dagger+1","Well Laid Plans+1","Backflip+1","After Image+1","Cloak And Dagger+1","Accuracy+1","Acrobatics","Prepared+1","Acrobatics+1","PiercingWail+1","Master of Strategy","Blade Dance+1"],"relics":["WristBlade","Ancient Tea Set","Darkstone Periapt","Happy Flower","Empty Cage","Bag of Preparation","MealTicket","Coffee Dripper","Mark of the Bloom","Oddly Smooth Stone","Strawberry"],"potions_floor_usage":[10,14,16,16,28,44,50],"damage_taken":[{"damage":3,"enemies":"Jaw Worm","floor":1,"turns":6},{"damage":1,"enemies":"2 Louse","floor":2,"turns":3},{"damage":0,"enemies":"Cultist","floor":4,"turns":3},{"damage":31,"enemies":"Large Slime","floor":5,"turns":8},{"damage":4,"enemies":"3 Louse","floor":7,"turns":2},{"damage":1,"enemies":"Lagavulin","floor":10,"turns":4},{"damage":0,"enemies":"Looter","floor":12,"turns":1},{"damage":0,"enemies":"2 Fungi Beasts","floor":13,"turns":2},{"damage":0,"enemies":"Gremlin Nob","floor":14,"turns":2},{"damage":4,"enemies":"Hexaghost","floor":16,"turns":8},{"damage":15,"enemies":"Shell Parasite","floor":18,"turns":4},{"damage":11,"enemies":"2 Thieves","floor":19,"turns":3},{"damage":25,"enemies":"Sentry and Sphere","floor":20,"turns":4},{"damage":24,"enemies":"Snake Plant","floor":24,"turns":3},{"damage":0,"enemies":"Cultist and Chosen","floor":27,"turns":3},{"damage":12,"enemies":"Gremlin Leader","floor":28,"turns":2},{"damage":0,"enemies":"Snecko","floor":30,"turns":2},{"damage":0,"enemies":"3 Cultists","floor":31,"turns":3},{"damage":27,"enemies":"Automaton","floor":33,"turns":6},{"damage":1,"enemies":"Orb Walker","floor":35,"turns":3},{"damage":4,"enemies":"3 Darklings","floor":38,"turns":3},{"damage":0,"enemies":"Spire Growth","floor":41,"turns":2},{"damage":0,"enemies":"Transient","floor":42,"turns":5},{"damage":19,"enemies":"Writhing Mass","floor":44,"turns":2},{"damage":0,"enemies":"Giant Head","floor":46,"turns":3},{"damage":0,"enemies":"4 Shapes","floor":48,"turns":3},{"damage":16,"enemies":"Donu and Deca","floor":50,"turns":4}],"seed_played":"-7966763528442360719","potions_obtained":[{"floor":5,"key":"DistilledChaos"},{"floor":7,"key":"AttackPotion"},{"floor":10,"key":"Regen Potion"},{"floor":14,"key":"Poison Potion"},{"floor":20,"key":"AttackPotion"},{"floor":27,"key":"Swift Potion"},{"floor":33,"key":"Regen Potion"},{"floor":38,"key":"Energy Potion"},{"floor":48,"key":"Energy Potion"}],"is_trial":false,"path_per_floor":["M","M","$","M","M","R","M","R","T","E","$","M","M","E","R","B",null,"M","M","M","$","?","R","M","R","T","M","E","R","M","M","R","B",null,"M","$","?","M","?","R","M","M","T","M","R","E","$","M","R","B",null],"character_chosen":"THE_SILENT","items_purchased":["Backstab","Accuracy","Storm of Steel","Accuracy","Master of Strategy"],"campfire_rested":3,"item_purchase_floors":[3,11,21,36,47],"current_hp_per_floor":[60,59,59,59,28,28,24,24,24,23,23,23,23,23,23,34,61,46,35,10,10,10,31,7,28,28,28,16,37,37,37,37,10,55,54,69,69,65,65,65,65,65,65,46,46,46,46,46,46,30],"gold":82,"neow_bonus":"BOSS_RELIC","is_prod":false,"is_daily":false,"chose_seed":false,"campfire_upgraded":6,"win_rate":0,"timestamp":1739675858,"path_taken":["M","M","$","M","M","R","M","R","T","E","$","M","M","E","R","BOSS","M","M","M","$","?","R","M","R","T","M","E","R","M","M","R","BOSS","M","$","?","M","?","R","M","M","T","M","R","E","$","?","R","BOSS"],"build_version":"2022-12-18","purchased_purges":2,"victory":true,"max_hp_per_floor":[70,70,70,70,70,70,70,70,70,70,70,70,70,70,70,70,70,70,70,70,70,70,70,70,70,70,70,70,70,70,70,70,70,70,70,70,70,70,70,70,70,70,70,70,70,77,77,77,77,77],"card_choices":[{"not_picked":["Outmaneuver","Dodge and Roll"],"picked":"Acrobatics","floor":1},{"not_picked":["Bane","Acrobatics"],"picked":"Underhanded Strike","floor":2},{"not_picked":["Underhanded Strike","All Out Attack"],"picked":"Dagger Spray","floor":4},{"not_picked":["Dagger Throw","Bouncing Flask"],"picked":"Adrenaline","floor":5},{"not_picked":["PiercingWail","Calculated Gamble"],"picked":"Cloak And Dagger","floor":7},{"not_picked":["Flechettes","Sucker Punch"],"picked":"Backstab","floor":10},{"not_picked":["Dash","Catalyst"],"picked":"PiercingWail","floor":12},{"not_picked":["Dodge and Roll","Backflip"],"picked":"Infinite Blades","floor":13},{"not_picked":["Expertise","Dagger Spray"],"picked":"Accuracy","floor":14},{"not_picked":["Doppelganger","Bullet Time"],"picked":"Storm of Steel","floor":16},{"not_picked":["Dagger Spray","Sucker Punch"],"picked":"Endless Agony+1","floor":18},{"not_picked":["Sucker Punch","Slice","Choke"],"picked":"SKIP","floor":19},{"not_picked":["Sucker Punch","Slice"],"picked":"Choke","floor":19},{"not_picked":["Slice","Outmaneuver"],"picked":"Expertise","floor":20},{"not_picked":["Slice","Deflect+1"],"picked":"Accuracy","floor":24},{"not_picked":["Quick Slash","Bane","Dash"],"picked":"SKIP","floor":27},{"not_picked":["Endless Agony","Crippling Poison"],"picked":"Cloak And Dagger","floor":28},{"not_picked":["Bane","Poisoned Stab"],"picked":"Well Laid Plans","floor":30},{"not_picked":["Dash","Heel Hook"],"picked":"Backflip","floor":31},{"not_picked":["Envenom","Die Die Die"],"picked":"After Image","floor":33},{"not_picked":["Sucker Punch","Acrobatics"],"picked":"Cloak And Dagger+1","floor":35},{"not_picked":["Dagger Throw","Caltrops"],"picked":"Acrobatics","floor":38},{"not_picked":["Poisoned Stab","Concentrate+1"],"picked":"Prepared+1","floor":41},{"not_picked":["Noxious Fumes","Slice"],"picked":"Acrobatics","floor":42},{"not_picked":["Bouncing Flask","Tactician","Deflect"],"picked":"SKIP","floor":44},{"not_picked":["Poisoned Stab","Prepared"],"picked":"PiercingWail+1","floor":46},{"not_picked":["Infinite Blades","Poisoned Stab"],"picked":"Blade Dance","floor":48}],"player_experience":293575,"relics_obtained":[{"floor":9,"key":"Ancient Tea Set"},{"floor":10,"key":"Darkstone Periapt"},{"floor":14,"key":"Happy Flower"},{"floor":26,"key":"Bag of Preparation"},{"floor":28,"key":"MealTicket"},{"floor":43,"key":"Oddly Smooth Stone"},{"floor":46,"key":"Strawberry"}],"event_choices":[{"damage_healed":0,"gold_gain":0,"cards_transformed":["Strike_G","Defend_G"],"player_choice":"Became Test Subject","damage_taken":0,"max_hp_gain":0,"max_hp_loss":0,"event_name":"Drug Dealer","floor":22,"gold_loss":0,"cards_obtained":["Distraction","Backflip"]},{"damage_healed":0,"gold_gain":0,"player_choice":"Upgrade","damage_taken":0,"relics_obtained":["Mark of the Bloom"],"max_hp_gain":0,"max_hp_loss":0,"event_name":"MindBloom","floor":37,"gold_loss":0,"cards_upgraded":["Strike_G","Defend_G","Defend_G","Defend_G","Survivor","Neutralize","Acrobatics","Underhanded Strike","Dagger Spray","Adrenaline","Backstab","PiercingWail","Accuracy","Storm of Steel","Choke","Expertise","Storm of Steel","Distraction","Backflip","Accuracy","Cloak And Dagger","Well Laid Plans","Backflip","After Image","Accuracy"]},{"damage_healed":0,"gold_gain":0,"player_choice":"Bought 0 Potions","damage_taken":0,"max_hp_gain":0,"max_hp_loss":0,"event_name":"The Woman in Blue","floor":39,"gold_loss":0}],"is_beta":false,"boss_relics":[{"not_picked":["Busted Crown","Ectoplasm"],"picked":"Empty Cage"},{"not_picked":["Astrolabe","Calling Bell"],"picked":"Coffee Dripper"}],"items_purged_floors":[11,21],"is_endless":false,"potions_floor_spawned":[5,7,10,12,14,20,27,33,38,42,48],"ascension_level":13}