{"gold_per_floor":[112,123,136,11,11,11,44,44,44,44,44,56,66,79,79,183,183,201,201,201],"floor_reached":20,"playtime":913,"items_purged":["Writhe"],"score":303,"play_id":"6944c754-7e2a-4953-be55-ca0b904c2fcf","local_time":"20250210161501","is_ascension_mode":true,"campfire_choices":[{"data":"Well Laid Plans","floor":6,"key":"SMITH"},{"data":"Bane","floor":8,"key":"SMITH"},{"data":"Neutralize","floor":10,"key":"SMITH"},{"floor":15,"key":"REST"}],"neow_cost":"CURSE","seed_source_timestamp":107711115824042,"circlet_count":0,"master_deck":["AscendersBane","Defend_G","Defend_G","Defend_G","Defend_G","Defend_G","Survivor","Neutralize+1","Master of Strategy","Poisoned Stab","Well Laid Plans+1","Cloak And Dagger","Flying Knee","Bane+1","Envenom","Catalyst","Wraith Form v2","Malaise","Deadly Poison","Bite","Bite","Bite","Bite","Bite"],"relics":["Ring of the Snake","StrikeDummy","Pantograph","Question Card","Runic Pyramid"],"potions_floor_usage":[16],"damage_taken":[{"damage":0,"enemies":"2 Louse","floor":1,"turns":6},{"damage":6,"enemies":"Small Slimes","floor":2,"turns":5},{"damage":0,"enemies":"Cultist","floor":3,"turns":5},{"damage":15,"enemies":"Lagavulin","floor":7,"turns":8},{"damage":14,"enemies":"Red Slaver","floor":12,"turns":3},{"damage":0,"enemies":"Blue Slaver","floor":13,"turns":3},{"damage":10,"enemies":"3 Louse","floor":14,"turns":4},{"damage":54,"enemies":"The Guardian","floor":16,"turns":11},{"damage":50,"enemies":"Spheric Guardian","floor":18,"turns":7},{"damage":7,"enemies":"3 Byrds","floor":20,"turns":2}],"seed_played":"-5952715976083201911","potions_obtained":[{"floor":12,"key":"Weak Potion"},{"floor":13,"key":"Block Potion"},{"floor":18,"key":"LiquidBronze"}],"is_trial":false,"path_per_floor":["M","M","M","$","?","R","E","R","T","R","?","M","M","M","R","B",null,"M","?","M"],"character_chosen":"THE_SILENT","items_purchased":["Flying Knee"],"campfire_rested":1,"item_purchase_floors":[4],"current_hp_per_floor":[63,57,57,57,50,50,35,35,35,35,35,21,21,11,32,3,53,3,3,0],"gold":201,"neow_bonus":"RANDOM_COLORLESS_2","is_prod":false,"is_daily":false,"chose_seed":false,"campfire_upgraded":3,"win_rate":0,"timestamp":1739232901,"path_taken":["M","M","M","$","?","R","E","R","T","R","?","M","M","M","R","BOSS","M","?","M"],"build_version":"2022-12-18","purchased_purges":1,"victory":false,"max_hp_per_floor":[70,70,70,70,70,70,70,70,70,70,70,70,70,70,70,70,70,70,49,49],"card_choices":[{"not_picked":["Metamorphosis","Mayhem"],"picked":"Master of Strategy","floor":0},{"not_picked":["Catalyst","Acrobatics"],"picked":"Poisoned Stab","floor":1},{"not_picked":["Quick Slash","Tactician"],"picked":"Well Laid Plans","floor":2},{"not_picked":["Outmaneuver","Skewer"],"picked":"Cloak And Dagger","floor":3},{"not_picked":["Escape Plan","Outmaneuver"],"picked":"Bane","floor":7},{"not_picked":["Backflip","Setup","Poisoned Stab"],"picked":"Envenom","floor":12},{"not_picked":["Dash","Outmaneuver","Dodge and Roll"],"picked":"Catalyst","floor":13},{"not_picked":["Sucker Punch","Backflip","Dagger Spray"],"picked":"Wraith Form v2","floor":14},{"not_picked":["Bullet Time","Unload","Doppelganger"],"picked":"Malaise","floor":16},{"not_picked":["Calculated Gamble","Riddle With Holes","Skewer"],"picked":"Deadly Poison","floor":18}],"player_experience":274537,"relics_obtained":[{"floor":7,"key":"Pantograph"},{"floor":9,"key":"Question Card"}],"event_choices":[{"damage_healed":0,"gold_gain":0,"player_choice":"Success","damage_taken":7,"relics_obtained":["StrikeDummy"],"max_hp_gain":0,"max_hp_loss":0,"event_name":"Scrap Ooze","floor":5,"gold_loss":0},{"damage_healed":0,"gold_gain":0,"player_choice":"Ignored","damage_taken":0,"max_hp_gain":0,"max_hp_loss":0,"event_name":"Liars Game","floor":11,"gold_loss":0},{"damage_healed":0,"gold_gain":0,"player_choice":"Became a vampire","damage_taken":0,"max_hp_gain":0,"max_hp_loss":21,"event_name":"Vampires","floor":19,"gold_loss":0,"cards_obtained":["Bite","Bite","Bite","Bite","Bite"]}],"is_beta":false,"boss_relics":[{"not_picked":["Tiny House","Philosopher\u0027s Stone"],"picked":"Runic Pyramid"}],"items_purged_floors":[4],"is_endless":false,"potions_floor_spawned":[12,13,14,18],"killed_by":"3 Byrds","ascension_level":12}