{"gold_per_floor":[109,36,49,61,71,71,102,114,114,130,144,157,173,192,192,269,269,285,297,297,317,335,64,64,64,64,64,77,107,124,157,157,231,231,249,249,96,196,212,212,225,225,225,225,245,20,20,20,20,20],"floor_reached":51,"playtime":2610,"items_purged":["Storm of Steel"],"score":1282,"play_id":"f910b218-ba3f-4a8a-b73c-319c138667ad","local_time":"20250216213227","is_ascension_mode":true,"campfire_choices":[{"data":"Cloak And Dagger","floor":6,"key":"SMITH"},{"floor":15,"key":"REST"},{"data":"Envenom","floor":25,"key":"SMITH"},{"data":"Wraith Form v2","floor":27,"key":"SMITH"},{"data":"Noxious Fumes","floor":32,"key":"SMITH"},{"data":"Burst","floor":40,"key":"SMITH"},{"data":"Cloak And Dagger","floor":42,"key":"SMITH"},{"data":"Infinite Blades","floor":47,"key":"SMITH"},{"floor":49,"key":"REST"}],"neow_cost":"NONE","seed_source_timestamp":37126686037542,"circlet_count":0,"master_deck":["AscendersBane","Survivor","Neutralize","Crippling Poison","Accuracy","Cloak And Dagger+1","Prepared","Noxious Fumes+1","Backflip","Cloak And Dagger+1","Endless Agony","Blade Dance","Blur","Envenom+1","Terror","Wraith Form v2+1","All Out Attack","Terror","Underhanded Strike","Skewer","Setup","Masterful Stab","Accuracy","Tools of the Trade","PiercingWail","Ghostly","Ghostly","Ghostly","Ghostly","Ghostly","Dodge and Roll","Backflip","Burst+1","Infinite Blades+1","PiercingWail","Blade Dance","Acrobatics","Infinite Blades"],"special_seed":0,"relics":["WristBlade","FossilizedHelix","Matryoshka","Pandora\u0027s Box","Kunai","Boot","InkBottle","Blue Candle","Akabeko","Busted Crown","Mummified Hand","Ninja Scroll","Membership Card"],"potions_floor_usage":[7,11,13,18,31,33,50],"damage_taken":[{"damage":4,"enemies":"Cultist","floor":1,"turns":5},{"damage":14,"enemies":"Small Slimes","floor":3,"turns":3},{"damage":11,"enemies":"Jaw Worm","floor":4,"turns":5},{"damage":1,"enemies":"Blue Slaver","floor":5,"turns":6},{"damage":15,"enemies":"3 Sentries","floor":7,"turns":9},{"damage":0,"enemies":"Exordium Thugs","floor":8,"turns":5},{"damage":0,"enemies":"2 Fungi Beasts","floor":10,"turns":4},{"damage":6,"enemies":"Lots of Slimes","floor":11,"turns":3},{"damage":1,"enemies":"3 Louse","floor":12,"turns":3},{"damage":0,"enemies":"Red Slaver","floor":13,"turns":4},{"damage":0,"enemies":"Exordium Thugs","floor":14,"turns":3},{"damage":0,"enemies":"Slime Boss","floor":16,"turns":8},{"damage":12,"enemies":"Spheric Guardian","floor":18,"turns":4},{"damage":1,"enemies":"Shell Parasite","floor":19,"turns":3},{"damage":6,"enemies":"Snake Plant","floor":21,"turns":3},{"damage":11,"enemies":"3 Cultists","floor":22,"turns":5},{"damage":2,"enemies":"Chosen and Byrds","floor":28,"turns":5},{"damage":8,"enemies":"Slavers","floor":29,"turns":8},{"damage":0,"enemies":"Centurion and Healer","floor":30,"turns":3},{"damage":2,"enemies":"Gremlin Leader","floor":31,"turns":6},{"damage":7,"enemies":"Automaton","floor":33,"turns":9},{"damage":0,"enemies":"3 Darklings","floor":35,"turns":6},{"damage":0,"enemies":"3 Shapes","floor":39,"turns":6},{"damage":3,"enemies":"Writhing Mass","floor":41,"turns":6},{"damage":0,"enemies":"4 Shapes","floor":45,"turns":3},{"damage":25,"enemies":"Donu and Deca","floor":50,"turns":10}],"seed_played":"2708582407146310606","potions_obtained":[{"floor":1,"key":"SkillPotion"},{"floor":3,"key":"DuplicationPotion"},{"floor":12,"key":"Regen Potion"},{"floor":13,"key":"Weak Potion"},{"floor":21,"key":"Weak Potion"},{"floor":29,"key":"EssenceOfSteel"},{"floor":33,"key":"Fruit Juice"},{"floor":41,"key":"SteroidPotion"}],"is_trial":false,"path_per_floor":["M","$","M","M","M","R","E","M","T","M","M","M","M","M","R","B",null,"M","M","?","M","M","$","?","R","T","R","M","E","M","E","R","B",null,"M","?","$","?","M","R","M","R","T","?","M","$","R","$","R","B",null],"character_chosen":"THE_SILENT","items_purchased":["Accuracy","Kunai","PiercingWail","Infinite Blades","Membership Card","Blade Dance","Acrobatics","Infinite Blades"],"campfire_rested":2,"item_purchase_floors":[2,23,23,37,46,46,46,46],"current_hp_per_floor":[55,55,41,30,29,29,14,14,14,14,8,7,19,19,38,38,59,47,46,46,40,29,29,29,29,29,29,27,19,19,17,17,15,32,32,29,29,29,29,29,26,26,26,26,26,26,26,26,37,12],"gold":20,"neow_bonus":"BOSS_RELIC","is_prod":false,"is_daily":false,"chose_seed":false,"campfire_upgraded":7,"win_rate":0,"timestamp":1739770347,"path_taken":["M","$","?","M","M","R","E","M","T","?","M","M","M","M","R","BOSS","M","M","?","?","M","$","?","R","T","R","M","E","M","E","R","BOSS","M","?","?","?","?","R","M","R","T","?","M","$","R","$","R","BOSS"],"build_version":"2022-12-18","purchased_purges":1,"victory":true,"max_hp_per_floor":[66,66,66,66,66,66,66,66,66,66,66,66,66,66,66,66,66,66,66,66,66,66,66,33,33,33,33,33,33,33,33,33,38,38,38,38,38,38,38,38,38,38,38,38,38,38,38,38,38,38],"card_choices":[{"not_picked":["Tactician","Poisoned Stab"],"picked":"Crippling Poison","floor":1},{"not_picked":["Flying Knee","Underhanded Strike","Flechettes"],"picked":"SKIP","floor":3},{"not_picked":["Poisoned Stab","Dagger Spray"],"picked":"Cloak And Dagger","floor":4},{"not_picked":["Underhanded Strike","Poisoned Stab"],"picked":"Prepared","floor":5},{"not_picked":["A Thousand Cuts","Flying Knee"],"picked":"Noxious Fumes","floor":7},{"not_picked":["Quick Slash","Prepared"],"picked":"Backflip","floor":8},{"not_picked":["Poisoned Stab","Quick Slash"],"picked":"Cloak And Dagger","floor":10},{"not_picked":["Sucker Punch","Catalyst","Outmaneuver"],"picked":"SKIP","floor":11},{"not_picked":["Prepared","Deadly Poison"],"picked":"Endless Agony","floor":12},{"not_picked":["Acrobatics","All Out Attack"],"picked":"Blade Dance","floor":13},{"not_picked":["All Out Attack","Tools of the Trade","Dagger Spray"],"picked":"SKIP","floor":14},{"not_picked":["Tools of the Trade","Glass Knife"],"picked":"Storm of Steel","floor":16},{"not_picked":["Dagger Spray+1","Backflip","Predator"],"picked":"SKIP","floor":18},{"not_picked":["Acrobatics","Reflex"],"picked":"Accuracy","floor":19},{"not_picked":["Deflect","Dodge and Roll"],"picked":"Tools of the Trade","floor":21},{"not_picked":["Choke","Blur","Outmaneuver"],"picked":"SKIP","floor":22},{"not_picked":["Flying Knee","Poisoned Stab","Quick Slash"],"picked":"SKIP","floor":28},{"not_picked":["Catalyst","Backflip"],"picked":"Dodge and Roll","floor":29},{"not_picked":["Underhanded Strike","Deflect","Deadly Poison"],"picked":"SKIP","floor":30},{"not_picked":["Choke","Catalyst"],"picked":"Backflip","floor":31},{"not_picked":["Unload","Phantasmal Killer"],"picked":"Burst","floor":33},{"not_picked":["Dagger Throw"],"picked":"SKIP","floor":35},{"not_picked":["Deadly Poison"],"picked":"SKIP","floor":39},{"not_picked":[],"picked":"PiercingWail","floor":41},{"not_picked":["Flying Knee"],"picked":"SKIP","floor":45}],"player_experience":308562,"relics_obtained":[{"floor":7,"key":"FossilizedHelix"},{"floor":9,"key":"Matryoshka"},{"floor":26,"key":"Boot"},{"floor":26,"key":"InkBottle"},{"floor":29,"key":"Blue Candle"},{"floor":31,"key":"Akabeko"},{"floor":43,"key":"Mummified Hand"},{"floor":43,"key":"Ninja Scroll"}],"event_choices":[{"damage_healed":0,"gold_gain":0,"player_choice":"0 cards matched","damage_taken":0,"max_hp_gain":0,"max_hp_loss":0,"event_name":"Match and Keep!","floor":20,"gold_loss":0,"cards_obtained":[]},{"damage_healed":0,"gold_gain":0,"player_choice":"Became a Ghost","damage_taken":0,"max_hp_gain":0,"max_hp_loss":33,"event_name":"Ghosts","floor":24,"gold_loss":0,"cards_obtained":["Ghostly","Ghostly","Ghostly","Ghostly","Ghostly"]},{"damage_healed":0,"gold_gain":0,"player_choice":"Damaged","damage_taken":3,"max_hp_gain":0,"max_hp_loss":0,"event_name":"Wheel of Change","floor":36,"gold_loss":0},{"damage_healed":0,"gold_gain":100,"player_choice":"Pray","damage_taken":0,"max_hp_gain":0,"max_hp_loss":0,"event_name":"Golden Shrine","floor":38,"gold_loss":0},{"damage_healed":0,"gold_gain":0,"player_choice":"Bought 0 Potions","damage_taken":0,"max_hp_gain":0,"max_hp_loss":0,"event_name":"The Woman in Blue","floor":44,"gold_loss":0}],"is_beta":false,"boss_relics":[{"not_picked":["Ectoplasm","Snecko Eye"],"picked":"Pandora\u0027s Box"},{"not_picked":["Black Star","Velvet Choker"],"picked":"Busted Crown"}],"items_purged_floors":[37],"is_endless":false,"potions_floor_spawned":[1,3,12,13,21,29,30,33,41],"ascension_level":14}