{"gold_per_floor":[19,30,30,51,51,51,84,84,84,134,164,164,206,238,238,376,466,493,353,386,395,39,91,91,113,161,161,188,211,211,255,255,384,384,409,409,409,15,43,43,88,88,88,129,142,189,264,273,273,273],"floor_reached":51,"playtime":3251,"items_purged":["Grand Finale","A Thousand Cuts","Prepared"],"score":1381,"play_id":"d9f9f99b-ca79-4fa1-9073-3d4d8b6a8751","local_time":"20250212181127","is_ascension_mode":true,"campfire_choices":[{"data":"Neutralize","floor":6.0,"key":"SMITH"},{"floor":12,"key":"REST"},{"data":"Well Laid Plans","floor":15,"key":"SMITH"},{"data":"Footwork","floor":24,"key":"SMITH"},{"floor":27,"key":"REST"},{"floor":30,"key":"REST"},{"floor":32,"key":"REST"},{"data":"Footwork","floor":40,"key":"SMITH"},{"data":"Storm of Steel","floor":42,"key":"SMITH"},{"floor":49,"key":"REST"}],"neow_cost":"NO_GOLD","seed_source_timestamp":0,"circlet_count":0,"master_deck":["AscendersBane","Survivor","Neutralize+1","Backstab","Slice","Slice+1","Storm of Steel+1","Backflip+1","Dagger Throw+1","Terror","Well Laid Plans+1","Corpse Explosion","Phantasmal Killer","Footwork+1","Venomology","Sucker Punch","Underhanded Strike","Distraction","Dodge and Roll","Dodge and Roll","Backflip","Caltrops","PiercingWail","Die Die Die","Noxious Fumes+1","Poisoned Stab+1","Catalyst+1","PiercingWail","Dash+1","Adrenaline","Acrobatics","Footwork+1","Deflect+1","Accuracy+1","Caltrops+1","Acrobatics","Master of Strategy"],"special_seed":0,"relics":["Ring of the Snake","FossilizedHelix","Golden Idol","Blue Candle","WingedGreaves","Matryoshka","CeramicFish","Mango","Pandora\u0027s Box","Shuriken","Snake Skull","Smiling Mask","Blood Vial","Akabeko","Sozu","Dead Branch","Frozen Egg 2","Gremlin Horn","War Paint","Juzu Bracelet","Whetstone","Lizard Tail"],"potions_floor_usage":[13,13,16,25,25,28,31,33,39,50],"damage_taken":[{"damage":0.0,"enemies":"Small Slimes","floor":1.0,"turns":4.0},{"damage":0.0,"enemies":"Jaw Worm","floor":2.0,"turns":3.0},{"damage":0.0,"enemies":"Cultist","floor":4.0,"turns":3.0},{"damage":30.0,"enemies":"Gremlin Nob","floor":7.0,"turns":6.0},{"damage":15.0,"enemies":"3 Sentries","floor":10.0,"turns":11.0},{"damage":0,"enemies":"Lots of Slimes","floor":11,"turns":6},{"damage":8,"enemies":"Lagavulin","floor":13,"turns":6},{"damage":0,"enemies":"2 Fungi Beasts","floor":14,"turns":2},{"damage":19,"enemies":"Hexaghost","floor":16,"turns":11},{"damage":0,"enemies":"Chosen","floor":18,"turns":5},{"damage":8,"enemies":"Spheric Guardian","floor":20,"turns":4},{"damage":32,"enemies":"Slavers","floor":23,"turns":5},{"damage":5,"enemies":"Snecko","floor":25,"turns":6},{"damage":19,"enemies":"Shelled Parasite and Fungi","floor":28,"turns":4},{"damage":12,"enemies":"Chosen and Byrds","floor":29,"turns":5},{"damage":24,"enemies":"Book of Stabbing","floor":31,"turns":6},{"damage":57,"enemies":"Champ","floor":33,"turns":9},{"damage":0,"enemies":"3 Shapes","floor":35,"turns":3},{"damage":0,"enemies":"Orb Walker","floor":39,"turns":3},{"damage":0,"enemies":"Giant Head","floor":41,"turns":4},{"damage":0,"enemies":"Reptomancer","floor":44,"turns":2},{"damage":0,"enemies":"Transient","floor":45,"turns":5},{"damage":39,"enemies":"Nemesis","floor":46,"turns":7},{"damage":18,"enemies":"2 Orb Walkers","floor":47,"turns":4},{"damage":72,"enemies":"Donu and Deca","floor":50,"turns":5}],"seed_played":"2323985625679304538","potions_obtained":[{"floor":2.0,"key":"BlessingOfTheForge"},{"floor":7.0,"key":"Dexterity Potion"},{"floor":11,"key":"CultistPotion"},{"floor":13,"key":"Poison Potion"},{"floor":16,"key":"Explosive Potion"},{"floor":23,"key":"FairyPotion"},{"floor":31,"key":"Ancient Potion"},{"floor":33,"key":"Poison Potion"}],"is_trial":false,"path_per_floor":["M","M","?","M","?","R","E","T","T","E","M","R","E","M","R","B",null,"M","$","M","?","$","E","R","M","T","R","M","M","R","E","R","B",null,"M","?","?","$","M","R","E","R","T","E","M","E","?","?","R","B",null],"character_chosen":"THE_SILENT","items_purchased":["Backflip","Caltrops","Shuriken","Dead Branch","Footwork"],"campfire_rested":5,"item_purchase_floors":[19,19,22,38,38],"current_hp_per_floor":[63,63,63,63,63,63,33,33,33,18,18,37,43,43,43,24,65,65,65,57,57,57,25,25,20,20,43,26,16,39,17,40,23,65,67,67,67,67,69,69,71,71,71,73,75,38,22,22,45,21],"gold":273,"neow_bonus":"ONE_RARE_RELIC","is_prod":false,"is_daily":false,"chose_seed":false,"campfire_upgraded":5,"win_rate":0,"timestamp":1739412687,"path_taken":["M","M","?","M","?","R","E","?","T","E","?","R","E","M","R","BOSS","M","$","?","?","$","E","R","M","T","R","M","?","R","E","R","BOSS","M","?","?","$","M","R","E","R","T","E","M","E","?","?","R","BOSS"],"build_version":"2022-12-18","purchased_purges":3,"victory":true,"max_hp_per_floor":[70,70,65,65,65,65,65,65,65,65,65,65,79,79,79,79,79,79,79,79,79,79,79,79,79,79,79,79,79,79,79,79,79,79,79,79,79,79,79,79,79,79,79,79,79,79,79,79,79,79],"card_choices":[{"not_picked":["Bane","Outmaneuver"],"picked":"Backstab","floor":1.0},{"not_picked":["Underhanded Strike","Endless Agony"],"picked":"Slice","floor":2.0},{"not_picked":["Quick Slash","Flying Knee"],"picked":"Slice","floor":4.0},{"not_picked":["Prepared","Caltrops"],"picked":"Storm of Steel","floor":7.0},{"not_picked":["All Out Attack","Cloak And Dagger"],"picked":"Backflip","floor":10},{"not_picked":["Infinite Blades","Skewer"],"picked":"Dagger Throw","floor":11},{"not_picked":["Dodge and Roll","Prepared"],"picked":"Terror","floor":13},{"not_picked":["Sucker Punch","Choke"],"picked":"Well Laid Plans","floor":14},{"not_picked":["Venomology","Night Terror"],"picked":"Corpse Explosion","floor":16},{"not_picked":["Noxious Fumes","Leg Sweep"],"picked":"Dodge and Roll","floor":18},{"not_picked":["Deflect","Tactician"],"picked":"PiercingWail","floor":20},{"not_picked":["Deflect","Flechettes"],"picked":"Noxious Fumes+1","floor":23},{"not_picked":["Outmaneuver","Endless Agony"],"picked":"Poisoned Stab+1","floor":25},{"not_picked":["Underhanded Strike","Slice"],"picked":"Catalyst","floor":28},{"not_picked":["Predator","Dagger Spray"],"picked":"PiercingWail","floor":29},{"not_picked":["Calculated Gamble","Accuracy"],"picked":"Dash+1","floor":31},{"not_picked":["Malaise","Corpse Explosion"],"picked":"Adrenaline","floor":33},{"not_picked":["Expertise","Masterful Stab"],"picked":"Acrobatics","floor":35},{"not_picked":["Heel Hook+1","Backflip"],"picked":"Deflect+1","floor":39},{"not_picked":["Noxious Fumes+1","Night Terror"],"picked":"Accuracy+1","floor":41},{"not_picked":["Dagger Spray","Poisoned Stab+1","Quick Slash"],"picked":"SKIP","floor":44},{"not_picked":["Deadly Poison","Terror","Bane"],"picked":"SKIP","floor":45},{"not_picked":["Flying Knee","Tactician"],"picked":"Caltrops+1","floor":46},{"not_picked":["Riddle With Holes","Malaise"],"picked":"Acrobatics","floor":47},{"not_picked":["Finesse","Jack Of All Trades"],"picked":"Master of Strategy","floor":48}],"player_experience":275450,"relics_obtained":[{"floor":7.0,"key":"Blue Candle"},{"floor":8.0,"key":"WingedGreaves"},{"floor":9.0,"key":"Matryoshka"},{"floor":10,"key":"CeramicFish"},{"floor":13,"key":"Mango"},{"floor":23,"key":"Snake Skull"},{"floor":26,"key":"Smiling Mask"},{"floor":26,"key":"Blood Vial"},{"floor":31,"key":"Akabeko"},{"floor":41,"key":"Frozen Egg 2"},{"floor":43,"key":"Gremlin Horn"},{"floor":43,"key":"War Paint"},{"floor":44,"key":"Juzu Bracelet"},{"floor":46,"key":"Whetstone"},{"floor":47,"key":"Lizard Tail"}],"event_choices":[{"damage_healed":0.0,"max_hp_gain":0.0,"max_hp_loss":5.0,"gold_gain":0.0,"event_name":"Golden Idol","player_choice":"Lose Max HP","floor":3.0,"gold_loss":0.0,"damage_taken":0.0,"relics_obtained":["Golden Idol"]},{"damage_healed":0.0,"max_hp_gain":0.0,"max_hp_loss":0.0,"gold_gain":0.0,"event_name":"Liars Game","player_choice":"Ignored","floor":5.0,"gold_loss":0.0,"damage_taken":0.0},{"damage_healed":0,"gold_gain":0,"player_choice":"1 cards matched","damage_taken":0,"max_hp_gain":0,"max_hp_loss":0,"event_name":"Match and Keep!","floor":21,"gold_loss":0,"cards_obtained":["Die Die Die"]},{"damage_healed":0,"gold_gain":0,"player_choice":"Ignored","damage_taken":0,"max_hp_gain":0,"max_hp_loss":0,"event_name":"Tomb of Lord Red Mask","floor":36,"gold_loss":0},{"damage_healed":0,"gold_gain":0,"player_choice":"Got Potions","damage_taken":0,"max_hp_gain":0,"max_hp_loss":0,"event_name":"Lab","floor":37,"gold_loss":0},{"damage_healed":0,"gold_gain":0,"player_choice":"Fight","damage_taken":0,"max_hp_gain":0,"max_hp_loss":0,"event_name":"Mysterious Sphere","floor":47,"gold_loss":0},{"damage_healed":0,"gold_gain":0,"player_choice":"Memory 1","damage_taken":0,"max_hp_gain":0,"max_hp_loss":0,"event_name":"SensoryStone","floor":48,"gold_loss":0}],"is_beta":false,"boss_relics":[{"not_picked":["HoveringKite","Tiny House"],"picked":"Pandora\u0027s Box"},{"not_picked":["SlaversCollar","Ring of the Serpent"],"picked":"Sozu"}],"items_purged_floors":[19,22,38],"is_endless":false,"potions_floor_spawned":[2,7,10,11,13,16,20,23,31,33,39,41],"ascension_level":12}