{"gold_per_floor":[112,126,126,140,140,140,155,194,217,237,237,270,309,322,322,417,417,442,457,457,481,175,175,211,211,211,249,264,264,24,40,40,154,154,172,224,245,264,264,295,295,336,362,362,400,424,43,64,64,64],"floor_reached":51,"playtime":3941,"items_purged":["Strike_G"],"score":1509,"play_id":"3370c9d5-7ad9-4362-bc71-fe085fac66a3","local_time":"20250224223727","is_ascension_mode":true,"campfire_choices":[{"data":"Blade Dance","floor":6,"key":"SMITH"},{"data":"Well Laid Plans","floor":11,"key":"SMITH"},{"floor":15,"key":"REST"},{"data":"After Image","floor":23,"key":"SMITH"},{"data":"Blade Dance","floor":25,"key":"SMITH"},{"data":"Noxious Fumes","floor":32,"key":"SMITH"},{"floor":41,"key":"RECALL"},{"floor":44,"key":"REST"},{"floor":49,"key":"REST"}],"neow_cost":"NONE","seed_source_timestamp":94965238629250,"circlet_count":0,"master_deck":["AscendersBane","Strike_G","Defend_G","Defend_G","Defend_G","Survivor","Neutralize","PiercingWail","Blade Dance+1","All Out Attack","Blade Dance+1","Well Laid Plans+1","Underhanded Strike","Caltrops","Backflip","Corpse Explosion","Adrenaline","Predator+1","Predator+1","Finisher+1","Tactician","Backstab+1","After Image+1","PiercingWail+1","PiercingWail","After Image+1","Noxious Fumes+1","Envenom+1","Blade Dance+1","Choke","Catalyst","Footwork","Accuracy+1","Prepared+1"],"relics":["Ring of the Snake","Golden Idol","Lantern","Bag of Preparation","Odd Mushroom","Oddly Smooth Stone","Astrolabe","TwistedFunnel","CaptainsWheel","Bird Faced Urn","Letter Opener","Fusion Hammer","Pen Nib","Blue Candle","Bottled Flame","Orichalcum","Snake Skull","Frozen Egg 2"],"potions_floor_usage":[8,8,13,16,16,24,31,33,40,42,50,50],"damage_taken":[{"damage":0,"enemies":"Small Slimes","floor":1,"turns":4},{"damage":10,"enemies":"Cultist","floor":2,"turns":6},{"damage":4,"enemies":"Jaw Worm","floor":4,"turns":4},{"damage":4,"enemies":"3 Louse","floor":7,"turns":3},{"damage":17,"enemies":"Lagavulin","floor":8,"turns":6},{"damage":5,"enemies":"Large Slime","floor":10,"turns":4},{"damage":0,"enemies":"The Mushroom Lair","floor":12,"turns":3},{"damage":14,"enemies":"3 Sentries","floor":13,"turns":7},{"damage":0,"enemies":"Exordium Thugs","floor":14,"turns":5},{"damage":17,"enemies":"Slime Boss","floor":16,"turns":10},{"damage":0,"enemies":"Chosen","floor":18,"turns":4},{"damage":3,"enemies":"Shell Parasite","floor":19,"turns":3},{"damage":0,"enemies":"Snecko","floor":21,"turns":3},{"damage":0,"enemies":"Gremlin Leader","floor":24,"turns":5},{"damage":2,"enemies":"Slavers","floor":27,"turns":2},{"damage":9,"enemies":"Centurion and Healer","floor":28,"turns":4},{"damage":0,"enemies":"Sentry and Sphere","floor":31,"turns":4},{"damage":21,"enemies":"Automaton","floor":33,"turns":10},{"damage":2,"enemies":"3 Darklings","floor":35,"turns":3},{"damage":0,"enemies":"3 Shapes","floor":37,"turns":2},{"damage":5,"enemies":"Sphere and 2 Shapes","floor":38,"turns":5},{"damage":0,"enemies":"Giant Head","floor":40,"turns":6},{"damage":0,"enemies":"Nemesis","floor":42,"turns":5},{"damage":0,"enemies":"Giant Head","floor":45,"turns":5},{"damage":0,"enemies":"Maw","floor":46,"turns":6},{"damage":0,"enemies":"Spire Growth","floor":48,"turns":3},{"damage":27,"enemies":"Donu and Deca","floor":50,"turns":6}],"seed_played":"-7845307528316268790","potions_obtained":[{"floor":0,"key":"DistilledChaos"},{"floor":0,"key":"LiquidMemories"},{"floor":10,"key":"Dexterity Potion"},{"floor":13,"key":"DuplicationPotion"},{"floor":14,"key":"DistilledChaos"},{"floor":16,"key":"Fruit Juice"},{"floor":18,"key":"CunningPotion"},{"floor":28,"key":"ColorlessPotion"},{"floor":31,"key":"EssenceOfSteel"},{"floor":37,"key":"Strength Potion"},{"floor":38,"key":"CunningPotion"},{"floor":46,"key":"SpeedPotion"},{"floor":48,"key":"DistilledChaos"}],"is_trial":false,"path_per_floor":["M","M","?","M","?","R","M","E","T","M","R","?","E","M","R","B",null,"M","M","?","M","$","R","E","R","T","E","M","?","$","M","R","B",null,"M","T","M","M","?","E","R","E","T","R","E","M","$","M","R","B",null],"character_chosen":"THE_SILENT","items_purchased":["After Image","TwistedFunnel","Letter Opener","Frozen Egg 2","Accuracy+1","PowerPotion"],"campfire_rested":3,"item_purchase_floors":[22,22,30,47,47,47],"current_hp_per_floor":[59,49,49,45,45,45,41,24,24,19,19,19,5,5,23,6,47,47,44,44,44,44,44,44,44,44,42,35,35,35,44,44,33,57,63,63,65,60,60,65,65,65,65,65,65,65,65,65,65,39],"gold":64,"neow_bonus":"THREE_SMALL_POTIONS","is_prod":false,"is_daily":false,"chose_seed":false,"campfire_upgraded":5,"win_rate":0,"timestamp":1740465447,"path_taken":["M","M","?","?","?","R","M","E","T","M","R","?","E","M","R","BOSS","M","M","?","M","?","R","E","R","T","E","M","?","$","M","R","BOSS","M","?","M","?","?","E","R","E","T","R","E","M","$","M","R","BOSS"],"build_version":"2022-12-18","purchased_purges":1,"victory":true,"max_hp_per_floor":[66,66,66,66,60,60,60,60,60,60,60,60,60,60,60,60,60,60,60,60,60,60,60,60,60,60,60,60,60,60,65,65,65,65,65,65,65,65,65,65,65,65,65,65,65,65,65,65,65,65],"card_choices":[{"not_picked":["Catalyst","Expertise"],"picked":"PiercingWail","floor":1},{"not_picked":["Cloak And Dagger","Noxious Fumes"],"picked":"Blade Dance","floor":2},{"not_picked":["Accuracy","Grand Finale"],"picked":"Blade Dance","floor":4},{"not_picked":["Bane","Sucker Punch"],"picked":"Well Laid Plans","floor":7},{"not_picked":["Deflect","Dagger Throw","Tactician"],"picked":"SKIP","floor":8},{"not_picked":["PiercingWail","Slice"],"picked":"Underhanded Strike","floor":10},{"not_picked":["Backstab","Underhanded Strike"],"picked":"Caltrops","floor":12},{"not_picked":["Quick Slash","Acrobatics"],"picked":"Backflip","floor":13},{"not_picked":["Tactician","Expertise"],"picked":"Corpse Explosion","floor":14},{"not_picked":["Burst","Wraith Form v2"],"picked":"Adrenaline","floor":16},{"not_picked":["Deadly Poison","Endless Agony","Finisher"],"picked":"SKIP","floor":18},{"not_picked":["Dagger Throw","Slice","Tactician"],"picked":"SKIP","floor":19},{"not_picked":["Caltrops","Skewer"],"picked":"Backstab+1","floor":21},{"not_picked":["Reflex","Slice+1"],"picked":"PiercingWail+1","floor":24},{"not_picked":["Eviscerate","Deadly Poison"],"picked":"PiercingWail","floor":27},{"not_picked":["Deadly Poison","Sucker Punch","Dash"],"picked":"SKIP","floor":28},{"not_picked":["Dagger Spray+1","PiercingWail"],"picked":"Noxious Fumes","floor":31},{"not_picked":["Adrenaline","Unload"],"picked":"Envenom","floor":33},{"not_picked":["Quick Slash","Dash"],"picked":"Blade Dance+1","floor":35},{"not_picked":["Cloak And Dagger","Blade Dance"],"picked":"Choke","floor":37},{"not_picked":["Bane","Caltrops"],"picked":"Catalyst","floor":38},{"not_picked":["Unload","Setup"],"picked":"Footwork","floor":40},{"not_picked":["Slice","Setup","Predator"],"picked":"SKIP","floor":42},{"not_picked":["Deadly Poison+1","Underhanded Strike+1","Prepared"],"picked":"SKIP","floor":45},{"not_picked":["Poisoned Stab+1","Eviscerate","Slice"],"picked":"SKIP","floor":46},{"not_picked":["Calculated Gamble","Quick Slash+1"],"picked":"Prepared+1","floor":48}],"player_experience":329138,"relics_obtained":[{"floor":8,"key":"Lantern"},{"floor":9,"key":"Bag of Preparation"},{"floor":12,"key":"Odd Mushroom"},{"floor":13,"key":"Oddly Smooth Stone"},{"floor":24,"key":"CaptainsWheel"},{"floor":27,"key":"Bird Faced Urn"},{"floor":36,"key":"Pen Nib"},{"floor":40,"key":"Blue Candle"},{"floor":42,"key":"Bottled Flame"},{"floor":43,"key":"Orichalcum"},{"floor":45,"key":"Snake Skull"}],"event_choices":[{"damage_healed":0,"gold_gain":0,"cards_transformed":["Defend_G"],"player_choice":"Transformed","damage_taken":0,"max_hp_gain":0,"max_hp_loss":0,"event_name":"Transmorgrifier","floor":3,"gold_loss":0,"cards_obtained":["All Out Attack"]},{"damage_healed":0,"gold_gain":0,"player_choice":"Lose Max HP","damage_taken":0,"relics_obtained":["Golden Idol"],"max_hp_gain":0,"max_hp_loss":6,"event_name":"Golden Idol","floor":5,"gold_loss":0},{"damage_healed":0,"gold_gain":0,"player_choice":"Fought Mushrooms","damage_taken":0,"max_hp_gain":0,"max_hp_loss":0,"event_name":"Mushrooms","floor":12,"gold_loss":0},{"damage_healed":0,"gold_gain":0,"cards_transformed":["Strike_G"],"player_choice":"Transformed","damage_taken":0,"max_hp_gain":0,"max_hp_loss":0,"event_name":"Transmorgrifier","floor":20,"gold_loss":0,"cards_obtained":["Tactician"]},{"damage_healed":0,"gold_gain":0,"player_choice":"Copied","damage_taken":0,"max_hp_gain":0,"max_hp_loss":0,"event_name":"Duplicator","floor":29,"gold_loss":0,"cards_obtained":["After Image"]},{"damage_healed":0,"gold_gain":0,"player_choice":"Upgraded","damage_taken":0,"max_hp_gain":0,"max_hp_loss":0,"event_name":"Upgrade Shrine","floor":39,"gold_loss":0,"cards_upgraded":["Envenom"]}],"is_beta":false,"boss_relics":[{"not_picked":["Empty Cage","Ring of the Serpent"],"picked":"Astrolabe"},{"not_picked":["Pandora\u0027s Box","Tiny House"],"picked":"Fusion Hammer"}],"items_purged_floors":[22],"is_endless":false,"potions_floor_spawned":[2,10,13,14,16,18,28,31,37,38,46,48],"ascension_level":15}