{"gold_per_floor":[119,61,77,89,89,89,119,119,195,229,249,249,263,296,296,373,373,388,402,434,349,349,384,384,398,398,398,158,186,202,220,220,299,299,319,337,337,348,360,360],"floor_reached":40,"playtime":1774,"items_purged":["Strike_G"],"score":831,"play_id":"d7b44268-6aca-49b2-b658-dfd1f6d75057","local_time":"20250304233644","is_ascension_mode":true,"campfire_choices":[{"data":"Blade Dance","floor":6,"key":"SMITH"},{"data":"Blade Dance","floor":8,"key":"SMITH"},{"floor":12,"key":"REST"},{"data":"Blade Dance","floor":15,"key":"SMITH"},{"floor":27,"key":"REST"},{"floor":32,"key":"REST"}],"neow_cost":"NONE","seed_source_timestamp":35819381304042,"circlet_count":0,"master_deck":["AscendersBane","Defend_G","Defend_G","Defend_G","Defend_G","Defend_G","Survivor","Neutralize","Terror","Blade Dance+1","Blade Dance+1","Dagger Spray","Caltrops","Noxious Fumes","Choke","Blade Dance+1","Cloak And Dagger","A Thousand Cuts","Glass Knife+1","Skewer+1","Blur+1","Finisher","Acrobatics","Acrobatics+1","Necronomicurse","Cloak And Dagger+1","Blade Dance","Choke","Accuracy","Phantasmal Killer","Escape Plan+1","Expertise","Well Laid Plans"],"relics":["Philosopher\u0027s Stone","Toy Ornithopter","Kunai","Nunchaku","FossilizedHelix","Astrolabe","Red Mask","MealTicket","Necronomicon","Singing Bowl","Snake Skull","Bronze Scales","StrikeDummy","Black Star"],"potions_floor_usage":[7,14,33,33,33,40,40],"damage_taken":[{"damage":10,"enemies":"Small Slimes","floor":1,"turns":4},{"damage":0,"enemies":"Cultist","floor":3,"turns":3},{"damage":3,"enemies":"2 Louse","floor":4,"turns":3},{"damage":15,"enemies":"Lagavulin","floor":7,"turns":5},{"damage":21,"enemies":"Gremlin Nob","floor":10,"turns":4},{"damage":0,"enemies":"2 Fungi Beasts","floor":11,"turns":3},{"damage":2,"enemies":"Looter","floor":13,"turns":3},{"damage":7,"enemies":"Lagavulin","floor":14,"turns":4},{"damage":11,"enemies":"The Guardian","floor":16,"turns":10},{"damage":16,"enemies":"Shell Parasite","floor":18,"turns":4},{"damage":0,"enemies":"3 Byrds","floor":19,"turns":4},{"damage":7,"enemies":"Masked Bandits","floor":20,"turns":2},{"damage":28,"enemies":"Slavers","floor":23,"turns":5},{"damage":0,"enemies":"Snecko","floor":25,"turns":2},{"damage":18,"enemies":"Book of Stabbing","floor":29,"turns":4},{"damage":9,"enemies":"Shelled Parasite and Fungi","floor":30,"turns":4},{"damage":0,"enemies":"Centurion and Healer","floor":31,"turns":3},{"damage":28,"enemies":"Champ","floor":33,"turns":7},{"damage":10,"enemies":"3 Darklings","floor":35,"turns":4},{"damage":8,"enemies":"3 Shapes","floor":36,"turns":2},{"damage":0,"enemies":"Spire Growth","floor":38,"turns":4},{"damage":19,"enemies":"3 Darklings","floor":39,"turns":3},{"damage":38,"enemies":"Nemesis","floor":40,"turns":5}],"seed_played":"-7245397999136074196","potions_obtained":[{"floor":3,"key":"ColorlessPotion"},{"floor":4,"key":"FairyPotion"},{"floor":5,"key":"Strength Potion"},{"floor":10,"key":"Explosive Potion"},{"floor":19,"key":"Weak Potion"},{"floor":23,"key":"BlessingOfTheForge"},{"floor":25,"key":"EntropicBrew"},{"floor":35,"key":"LiquidBronze"}],"is_trial":false,"path_per_floor":["M","$","M","M","?","R","E","R","T","E","M","R","M","E","R","B",null,"M","M","?","?","?","E","?","M","T","R","$","E","M","M","R","B",null,"M","M","?","M","M","E"],"character_chosen":"THE_SILENT","items_purchased":["Blade Dance","Bronze Scales"],"campfire_rested":3,"item_purchase_floors":[2,28],"current_hp_per_floor":[49,49,49,46,46,46,31,31,31,10,10,29,27,25,25,14,53,37,37,30,30,9,2,15,15,15,34,49,31,24,24,44,31,59,51,43,43,43,24,0],"gold":360,"neow_bonus":"BOSS_RELIC","is_prod":false,"is_daily":false,"chose_seed":false,"campfire_upgraded":3,"win_rate":0,"timestamp":1741160204,"path_taken":["M","$","M","M","?","R","E","R","T","E","M","R","?","E","R","BOSS","M","M","?","?","?","E","?","M","T","R","$","E","M","M","R","BOSS","M","M","?","M","M","E"],"build_version":"2022-12-18","purchased_purges":1,"victory":false,"max_hp_per_floor":[66,66,66,66,66,66,66,66,66,66,66,66,66,66,66,66,66,66,66,66,66,66,66,66,66,66,66,66,66,68,68,68,68,68,70,70,70,70,70,70],"card_choices":[{"not_picked":["Backflip","Dagger Throw"],"picked":"Terror","floor":1},{"not_picked":["Cloak And Dagger","Backflip"],"picked":"Blade Dance","floor":3},{"not_picked":["PiercingWail","Quick Slash"],"picked":"Dagger Spray","floor":4},{"not_picked":["Underhanded Strike","Sucker Punch"],"picked":"Caltrops","floor":7},{"not_picked":["Tactician","Bullet Time"],"picked":"Noxious Fumes","floor":10},{"not_picked":["Deflect","Outmaneuver"],"picked":"Choke","floor":11},{"not_picked":["Acrobatics","Flying Knee"],"picked":"Blade Dance","floor":13},{"not_picked":["Bane","Die Die Die"],"picked":"Cloak And Dagger","floor":14},{"not_picked":["Tools of the Trade","Adrenaline"],"picked":"A Thousand Cuts","floor":16},{"not_picked":["Backflip","Quick Slash"],"picked":"Finisher","floor":18},{"not_picked":["Riddle With Holes","Outmaneuver"],"picked":"Acrobatics","floor":19},{"not_picked":["All Out Attack","Dagger Spray"],"picked":"Acrobatics+1","floor":20},{"not_picked":["Outmaneuver","Burst"],"picked":"Cloak And Dagger+1","floor":23},{"not_picked":["Slice","Infinite Blades"],"picked":"Blade Dance","floor":25},{"not_picked":["Deadly Poison","Backstab"],"picked":"Choke","floor":29},{"not_picked":["Flying Knee","Tactician","Deadly Poison"],"picked":"Singing Bowl","floor":30},{"not_picked":["Acrobatics","PiercingWail"],"picked":"Accuracy","floor":31},{"not_picked":["Venomology","Malaise"],"picked":"Phantasmal Killer","floor":33},{"not_picked":["Underhanded Strike","Sucker Punch","Deadly Poison"],"picked":"Singing Bowl","floor":35},{"not_picked":["Caltrops","Poisoned Stab"],"picked":"Escape Plan+1","floor":36},{"not_picked":["Infinite Blades","Dodge and Roll"],"picked":"Expertise","floor":38},{"not_picked":["Bane","Deadly Poison"],"picked":"Well Laid Plans","floor":39}],"player_experience":352971,"relics_obtained":[{"floor":7,"key":"Toy Ornithopter"},{"floor":9,"key":"Kunai"},{"floor":10,"key":"Nunchaku"},{"floor":14,"key":"FossilizedHelix"},{"floor":20,"key":"Red Mask"},{"floor":22,"key":"Necronomicon"},{"floor":23,"key":"Singing Bowl"},{"floor":26,"key":"Snake Skull"},{"floor":29,"key":"StrikeDummy"}],"event_choices":[{"damage_healed":0,"gold_gain":0,"player_choice":"Got Potions","damage_taken":0,"max_hp_gain":0,"max_hp_loss":0,"event_name":"Lab","floor":5,"gold_loss":0},{"damage_healed":0,"gold_gain":0,"player_choice":"Fought Bandits","damage_taken":0,"max_hp_gain":0,"max_hp_loss":0,"event_name":"Masked Bandits","floor":20,"gold_loss":0},{"damage_healed":0,"gold_gain":0,"player_choice":"Obtained Relic","damage_taken":0,"relics_obtained":["MealTicket"],"max_hp_gain":0,"max_hp_loss":0,"event_name":"Addict","floor":21,"gold_loss":85},{"damage_healed":0,"gold_gain":0,"player_choice":"Obtained Book","damage_taken":21,"max_hp_gain":0,"max_hp_loss":0,"event_name":"Cursed Tome","floor":22,"gold_loss":0},{"damage_healed":13,"gold_gain":0,"player_choice":"Heal","damage_taken":0,"max_hp_gain":0,"max_hp_loss":0,"event_name":"The Library","floor":24,"gold_loss":0},{"cards_removed":["Strike_G"],"damage_healed":0,"gold_gain":0,"player_choice":"Removed Attack","damage_taken":0,"max_hp_gain":0,"max_hp_loss":0,"event_name":"Falling","floor":37,"gold_loss":0}],"is_beta":false,"boss_relics":[{"not_picked":["Sozu","Runic Dome"],"picked":"Astrolabe"},{"not_picked":["Fusion Hammer","Cursed Key"],"picked":"Black Star"}],"items_purged_floors":[28],"is_endless":false,"potions_floor_spawned":[3,4,10,13,19,20,23,25,35,38,39],"killed_by":"Nemesis","ascension_level":16}