{"gold_per_floor":[110,2,0,13,13,13,28,28,28,16,26,2,2,27,27,27],"floor_reached":16,"playtime":466,"items_purged":[],"score":180,"play_id":"db8423fa-701b-4bfb-abdc-c8ba884871b0","local_time":"20250304230700","is_ascension_mode":true,"campfire_choices":[{"floor":6,"key":"DIG"},{"floor":8,"key":"DIG"},{"floor":13,"key":"DIG"},{"floor":15,"key":"DIG"}],"neow_cost":"PERCENT_DAMAGE","seed_source_timestamp":35344422025459,"circlet_count":0,"master_deck":["AscendersBane","Strike_G","Strike_G","Strike_G","Strike_G","Strike_G","Defend_G","Defend_G","Defend_G","Defend_G","Defend_G","Survivor","Neutralize","Dagger Spray","Poisoned Stab","Deflect","Dagger Spray","Deflect","Acrobatics","Dodge and Roll","Dodge and Roll","Terror"],"relics":["Ring of the Snake","Shovel","Omamori","Ninja Scroll","Eternal Feather","Darkstone Periapt","Mercury Hourglass","PreservedInsect","Anchor"],"potions_floor_usage":[14],"damage_taken":[{"damage":10,"enemies":"Small Slimes","floor":1,"turns":4},{"damage":1,"enemies":"2 Louse","floor":4,"turns":2},{"damage":0,"enemies":"Cultist","floor":7,"turns":2},{"damage":7,"enemies":"Exordium Thugs","floor":10,"turns":4},{"damage":4,"enemies":"2 Fungi Beasts","floor":11,"turns":2},{"damage":15,"enemies":"Lagavulin","floor":14,"turns":8},{"damage":35,"enemies":"Slime Boss","floor":16,"turns":8}],"seed_played":"-4470636143025141009","potions_obtained":[{"floor":7,"key":"Dexterity Potion"},{"floor":14,"key":"FearPotion"}],"is_trial":false,"path_per_floor":["M","$","?","M","?","R","M","R","T","M","M","$","R","E","R","B"],"character_chosen":"THE_SILENT","items_purchased":["Poisoned Stab","Deflect","Dodge and Roll"],"campfire_rested":0,"item_purchase_floors":[2,2,12],"current_hp_per_floor":[34,34,34,33,33,33,33,33,33,26,22,22,34,19,31,0],"gold":27,"neow_bonus":"ONE_RARE_RELIC","is_prod":false,"is_daily":false,"chose_seed":false,"campfire_upgraded":0,"win_rate":0,"timestamp":1741158420,"path_taken":["M","$","?","M","?","R","M","R","T","M","?","?","R","E","R","BOSS"],"build_version":"2022-12-18","purchased_purges":0,"victory":false,"max_hp_per_floor":[66,66,66,66,66,66,66,66,66,66,66,66,66,66,66,66],"card_choices":[{"not_picked":["Prepared","Skewer"],"picked":"Dagger Spray","floor":1},{"not_picked":["Deadly Poison","Underhanded Strike"],"picked":"Dagger Spray","floor":4},{"not_picked":["Dagger Spray","Grand Finale"],"picked":"Deflect","floor":7},{"not_picked":["Underhanded Strike","Setup"],"picked":"Acrobatics","floor":10},{"not_picked":["Poisoned Stab","Acrobatics"],"picked":"Dodge and Roll","floor":11},{"not_picked":["Deadly Poison","Reflex"],"picked":"Terror","floor":14}],"player_experience":352505,"relics_obtained":[{"floor":5,"key":"Omamori"},{"floor":6,"key":"Ninja Scroll"},{"floor":8,"key":"Eternal Feather"},{"floor":9,"key":"Darkstone Periapt"},{"floor":13,"key":"Mercury Hourglass"},{"floor":14,"key":"PreservedInsect"},{"floor":15,"key":"Anchor"}],"event_choices":[{"damage_healed":0,"gold_gain":0,"player_choice":"Left Gold","damage_taken":0,"max_hp_gain":0,"max_hp_loss":0,"event_name":"World of Goop","floor":3,"gold_loss":2},{"damage_healed":0,"gold_gain":0,"player_choice":"Relic","damage_taken":0,"max_hp_gain":0,"max_hp_loss":0,"event_name":"Wheel of Change","floor":5,"gold_loss":0}],"is_beta":false,"boss_relics":[],"items_purged_floors":[],"is_endless":false,"potions_floor_spawned":[7,14],"killed_by":"Slime Boss","ascension_level":16}