{"gold_per_floor":[114,14,14,28,28,28,56,56,56,32,50,79,136,136,136,215,215,230,44,44,56,68,68,102,102,102,121,139,174,174,185,185,185],"floor_reached":33,"playtime":2526,"items_purged":["Normality","Pain"],"score":662,"play_id":"12ac58e9-491f-4b63-a3f7-44c2e54db03e","local_time":"20250304225904","is_ascension_mode":true,"campfire_choices":[{"data":"Bouncing Flask","floor":6,"key":"SMITH"},{"data":"Burst","floor":8,"key":"SMITH"},{"data":"Well Laid Plans","floor":15,"key":"SMITH"},{"data":"Catalyst","floor":23,"key":"SMITH"},{"data":"Well Laid Plans","floor":25,"key":"SMITH"},{"data":"Ghostly","floor":32,"key":"SMITH"}],"neow_cost":"CURSE","seed_source_timestamp":32807037346417,"circlet_count":0,"master_deck":["AscendersBane","Strike_G","Strike_G","Strike_G","Strike_G","Strike_G","Defend_G","Defend_G","Defend_G","Defend_G","Defend_G","Survivor","Neutralize","Violence","Terror","PiercingWail","Bouncing Flask+1","Burst+1","Blade Dance","Well Laid Plans+1","Backflip","Bane","Die Die Die","Underhanded Strike+1","Accuracy","Ghostly+1","Ghostly","Ghostly","Bouncing Flask","Catalyst+1","Well Laid Plans+1","Acrobatics","Calculated Gamble","Footwork"],"relics":["Ring of the Snake","Meat on the Bone","WarpedTongs","Potion Belt","Kunai","Vajra","Happy Flower","Snecko Eye","Bottled Lightning","Gambling Chip","Blood Vial"],"potions_floor_usage":[7,13,16,28,28,28,33,33],"damage_taken":[{"damage":5,"enemies":"Cultist","floor":1,"turns":5},{"damage":4,"enemies":"Small Slimes","floor":4,"turns":4},{"damage":12,"enemies":"Gremlin Nob","floor":7,"turns":4},{"damage":6,"enemies":"2 Louse","floor":11,"turns":4},{"damage":15,"enemies":"Lagavulin","floor":12,"turns":5},{"damage":16,"enemies":"Lagavulin Event","floor":13,"turns":5},{"damage":27,"enemies":"Hexaghost","floor":16,"turns":5},{"damage":9,"enemies":"Chosen","floor":18,"turns":3},{"damage":0,"enemies":"Spheric Guardian","floor":21,"turns":4},{"damage":0,"enemies":"Snake Plant","floor":22,"turns":3},{"damage":0,"enemies":"Gremlin Leader","floor":24,"turns":6},{"damage":1,"enemies":"Chosen and Byrds","floor":27,"turns":4},{"damage":31,"enemies":"3 Cultists","floor":28,"turns":7},{"damage":0,"enemies":"Slavers","floor":29,"turns":4},{"damage":2,"enemies":"Centurion and Healer","floor":31,"turns":7},{"damage":69,"enemies":"Automaton","floor":33,"turns":6}],"seed_played":"-4555307486491328516","potions_obtained":[{"floor":1,"key":"DuplicationPotion"},{"floor":7,"key":"DuplicationPotion"},{"floor":11,"key":"GhostInAJar"},{"floor":18,"key":"LiquidMemories"},{"floor":22,"key":"Swift Potion"},{"floor":27,"key":"SpeedPotion"},{"floor":28,"key":"Poison Potion"},{"floor":29,"key":"Strength Potion"}],"is_trial":false,"path_per_floor":["M","$","?","M","?","R","E","R","T","$","M","E","?","?","R","B",null,"M","$","?","M","M","R","E","R","T","M","M","E","?","M","R","B"],"character_chosen":"THE_SILENT","items_purchased":["PiercingWail","Blade Dance","Accuracy"],"campfire_rested":0,"item_purchase_floors":[2,10,19],"current_hp_per_floor":[54,54,28,36,36,36,36,36,36,36,42,39,35,40,40,25,60,51,51,35,35,35,35,35,35,35,34,15,27,27,27,27,0],"gold":185,"neow_bonus":"RANDOM_COLORLESS_2","is_prod":false,"is_daily":false,"chose_seed":false,"campfire_upgraded":6,"win_rate":0,"timestamp":1741157944,"path_taken":["M","$","?","M","?","R","E","R","T","$","?","E","?","?","R","BOSS","M","$","?","M","M","R","E","R","T","M","M","E","?","M","R","BOSS"],"build_version":"2022-12-18","purchased_purges":2,"victory":false,"max_hp_per_floor":[66,66,66,66,66,66,66,66,66,66,66,66,66,71,71,71,71,71,71,35,35,35,35,35,35,35,35,35,35,35,35,35,35],"card_choices":[{"not_picked":["Secret Technique","Panache"],"picked":"Violence","floor":0},{"not_picked":["Poisoned Stab","Bouncing Flask"],"picked":"Terror","floor":1},{"not_picked":["Flying Knee","Riddle With Holes"],"picked":"Bouncing Flask","floor":4},{"not_picked":["Underhanded Strike","Crippling Poison"],"picked":"Burst","floor":7},{"not_picked":["Skewer","Flechettes"],"picked":"Well Laid Plans","floor":11},{"not_picked":["Tactician","Terror"],"picked":"Backflip","floor":12},{"not_picked":["Setup","Slice"],"picked":"Bane","floor":13},{"not_picked":["A Thousand Cuts","Glass Knife"],"picked":"Die Die Die","floor":16},{"not_picked":["Concentrate","Dagger Throw"],"picked":"Underhanded Strike+1","floor":18},{"not_picked":["Dagger Throw","Caltrops"],"picked":"Bouncing Flask","floor":21},{"not_picked":["Acrobatics","Well Laid Plans"],"picked":"Catalyst","floor":22},{"not_picked":["Caltrops+1","Infinite Blades+1"],"picked":"Well Laid Plans","floor":24},{"not_picked":["Deadly Poison","Slice"],"picked":"Acrobatics","floor":27},{"not_picked":["Escape Plan","Poisoned Stab+1"],"picked":"Calculated Gamble","floor":28},{"not_picked":["Dagger Spray","Deflect","Outmaneuver"],"picked":"SKIP","floor":29},{"not_picked":["Riddle With Holes","Masterful Stab","Bane"],"picked":"SKIP","floor":31}],"player_experience":349979,"relics_obtained":[{"floor":7,"key":"Potion Belt"},{"floor":9,"key":"Kunai"},{"floor":12,"key":"Vajra"},{"floor":13,"key":"Happy Flower"},{"floor":24,"key":"Bottled Lightning"},{"floor":26,"key":"Gambling Chip"},{"floor":29,"key":"Blood Vial"}],"event_choices":[{"damage_healed":0,"gold_gain":0,"player_choice":"Success","damage_taken":26,"relics_obtained":["Meat on the Bone"],"max_hp_gain":0,"max_hp_loss":0,"event_name":"Scrap Ooze","floor":3,"gold_loss":0},{"damage_healed":0,"gold_gain":0,"player_choice":"Rummage","damage_taken":0,"relics_obtained":["WarpedTongs"],"max_hp_gain":0,"max_hp_loss":0,"event_name":"Accursed Blacksmith","floor":5,"gold_loss":0,"cards_obtained":["Pain"]},{"damage_healed":0,"gold_gain":0,"player_choice":"Searched \u00271\u0027 times","damage_taken":0,"max_hp_gain":0,"max_hp_loss":0,"event_name":"Dead Adventurer","floor":13,"gold_loss":0},{"damage_healed":0,"gold_gain":0,"player_choice":"Donut","damage_taken":0,"max_hp_gain":5,"max_hp_loss":0,"event_name":"Big Fish","floor":14,"gold_loss":0},{"damage_healed":0,"gold_gain":0,"player_choice":"Became a Ghost","damage_taken":0,"max_hp_gain":0,"max_hp_loss":36,"event_name":"Ghosts","floor":20,"gold_loss":0,"cards_obtained":["Ghostly","Ghostly","Ghostly"]},{"damage_healed":0,"gold_gain":0,"player_choice":"Read","damage_taken":0,"max_hp_gain":0,"max_hp_loss":0,"event_name":"The Library","floor":30,"gold_loss":0,"cards_obtained":["Footwork"]}],"is_beta":false,"boss_relics":[{"not_picked":["Calling Bell","Tiny House"],"picked":"Snecko Eye"}],"items_purged_floors":[2,19],"is_endless":false,"potions_floor_spawned":[1,7,11,18,22,27,28,29],"killed_by":"Automaton","ascension_level":16}