{"gold_per_floor":[118,118,118,118,132,132,132,145,191,226,251,264,299,313,313,409,409,432,450,650,12,33,77,77,77,77,77,3,39,53,92,92,190,253,272,288,11,35,48,48,84,97,97,128,28,47,47,47,47,47],"floor_reached":51,"playtime":2743,"items_purged":["Defend_G","Strike_G"],"score":1359,"play_id":"4223b30f-a042-4d9b-a39a-eff704569b3c","local_time":"20250305134331","is_ascension_mode":true,"campfire_choices":[{"floor":7,"key":"REST"},{"data":"Malaise","floor":15,"key":"SMITH"},{"data":"Blade Dance","floor":25,"key":"SMITH"},{"floor":27,"key":"REST"},{"floor":32,"key":"REST"},{"data":"Calculated Gamble","floor":40,"key":"SMITH"},{"floor":47,"key":"REST"},{"floor":49,"key":"REST"}],"neow_cost":"TEN_PERCENT_HP_LOSS","seed_source_timestamp":51057565121917,"circlet_count":0,"master_deck":["AscendersBane","Strike_G","Strike_G","Strike_G+1","Defend_G","Defend_G","Defend_G","Survivor","Neutralize+1","Calculated Gamble+1","Dash","Malaise+1","PiercingWail+1","Dagger Throw","Accuracy+1","Infinite Blades+1","Adrenaline","Blade Dance+1","PiercingWail","Noxious Fumes+1","Accuracy+1","Phantasmal Killer","Noxious Fumes+1","Blade Dance","Calculated Gamble","Venomology+1","Infinite Blades+1","Leg Sweep+1","Acrobatics+1"],"relics":["Ring of the Snake","White Beast Statue","Golden Idol","StrikeDummy","Blood Vial","Vajra","Frozen Egg 2","WristBlade","Torii","Lee\u0027s Waffle","InkBottle","Bag of Preparation","Happy Flower","FossilizedHelix","Tiny House","Ornamental Fan","Toxic Egg 2","Shuriken","Sundial"],"potions_floor_usage":[10,13,16,16,31,33,44,46,50,50],"damage_taken":[{"damage":2,"enemies":"Small Slimes","floor":1,"turns":4},{"damage":0,"enemies":"2 Louse","floor":5,"turns":2},{"damage":0,"enemies":"Cultist","floor":8,"turns":3},{"damage":2,"enemies":"Gremlin Nob","floor":10,"turns":3},{"damage":6,"enemies":"Lots of Slimes","floor":11,"turns":4},{"damage":0,"enemies":"Exordium Wildlife","floor":12,"turns":3},{"damage":2,"enemies":"3 Sentries","floor":13,"turns":13},{"damage":5,"enemies":"Blue Slaver","floor":14,"turns":3},{"damage":16,"enemies":"Slime Boss","floor":16,"turns":7},{"damage":0,"enemies":"Chosen","floor":18,"turns":5},{"damage":0,"enemies":"Spheric Guardian","floor":19,"turns":3},{"damage":1,"enemies":"Snecko","floor":22,"turns":4},{"damage":25,"enemies":"Book of Stabbing","floor":23,"turns":6},{"damage":25,"enemies":"Gremlin Leader","floor":29,"turns":4},{"damage":0,"enemies":"Snake Plant","floor":30,"turns":4},{"damage":5,"enemies":"Book of Stabbing","floor":31,"turns":5},{"damage":17,"enemies":"Collector","floor":33,"turns":5},{"damage":0,"enemies":"3 Shapes","floor":35,"turns":6},{"damage":0,"enemies":"Orb Walker","floor":36,"turns":3},{"damage":1,"enemies":"Sphere and 2 Shapes","floor":38,"turns":3},{"damage":0,"enemies":"3 Darklings","floor":39,"turns":5},{"damage":18,"enemies":"Reptomancer","floor":41,"turns":4},{"damage":0,"enemies":"4 Shapes","floor":42,"turns":7},{"damage":32,"enemies":"Nemesis","floor":44,"turns":7},{"damage":3,"enemies":"Writhing Mass","floor":46,"turns":4},{"damage":46,"enemies":"Awakened One","floor":50,"turns":7}],"seed_played":"-2229132771381726198","potions_obtained":[{"floor":5,"key":"AttackPotion"},{"floor":8,"key":"Block Potion"},{"floor":10,"key":"DistilledChaos"},{"floor":13,"key":"PowerPotion"},{"floor":14,"key":"Strength Potion"},{"floor":16,"key":"CultistPotion"},{"floor":18,"key":"PowerPotion"},{"floor":19,"key":"FairyPotion"},{"floor":24,"key":"CultistPotion"},{"floor":31,"key":"BlessingOfTheForge"},{"floor":33,"key":"Strength Potion"},{"floor":35,"key":"Block Potion"},{"floor":46,"key":"DistilledChaos"}],"is_trial":false,"path_per_floor":["M","?","?","?","M","T","R","M","T","E","M","M","E","M","R","B",null,"M","M","?","$","M","E","?","R","T","R","$","E","M","E","R","B",null,"M","M","$","M","M","R","E","M","T","E","$","M","R","?","R","B",null],"character_chosen":"THE_SILENT","items_purchased":["Torii","Noxious Fumes+1","Lee\u0027s Waffle","Accuracy+1","Ornamental Fan"],"campfire_rested":5,"item_purchase_floors":[21,21,21,28,37],"current_hp_per_floor":[57,31,13,13,13,13,29,29,29,29,25,27,27,24,24,10,43,45,47,47,61,60,36,36,36,36,54,54,31,33,30,48,33,59,61,63,63,64,66,66,48,50,50,20,20,19,38,38,57,13],"gold":47,"neow_bonus":"REMOVE_TWO","is_prod":false,"is_daily":false,"chose_seed":false,"campfire_upgraded":3,"win_rate":0,"timestamp":1741211011,"path_taken":["M","?","?","?","M","?","R","M","T","E","M","?","E","?","R","BOSS","M","M","?","$","?","E","?","R","T","R","$","E","M","E","R","BOSS","M","?","?","M","M","R","E","M","T","E","$","?","R","?","R","BOSS"],"build_version":"2022-12-18","purchased_purges":2,"victory":true,"max_hp_per_floor":[60,60,60,54,54,54,54,54,54,54,54,54,54,54,54,54,54,54,54,54,61,61,61,61,61,61,61,61,61,61,61,61,61,66,66,66,66,66,66,66,66,66,66,66,66,66,66,66,66,66],"card_choices":[{"not_picked":["PiercingWail","Sucker Punch"],"picked":"Calculated Gamble","floor":1},{"not_picked":["Underhanded Strike","Dodge and Roll"],"picked":"Dash","floor":5},{"not_picked":["Poisoned Stab","Deadly Poison","Flying Knee"],"picked":"SKIP","floor":8},{"not_picked":["Dagger Throw","Cloak And Dagger"],"picked":"Malaise","floor":10},{"not_picked":["Dodge and Roll","Dagger Throw"],"picked":"PiercingWail","floor":11},{"not_picked":["Underhanded Strike","Cloak And Dagger"],"picked":"Dagger Throw","floor":12},{"not_picked":["Prepared","Blade Dance"],"picked":"Accuracy+1","floor":13},{"not_picked":["Dodge and Roll","Prepared"],"picked":"Infinite Blades+1","floor":14},{"not_picked":["Doppelganger","Storm of Steel"],"picked":"Adrenaline","floor":16},{"not_picked":["Sucker Punch","Acrobatics"],"picked":"Blade Dance","floor":18},{"not_picked":["Dash","Concentrate"],"picked":"PiercingWail","floor":19},{"not_picked":["Bouncing Flask+1","Setup","Distraction"],"picked":"SKIP","floor":22},{"not_picked":["Setup","Dodge and Roll","Underhanded Strike"],"picked":"SKIP","floor":23},{"not_picked":["Reflex","Sucker Punch","Slice+1"],"picked":"SKIP","floor":29},{"not_picked":["Flechettes","Flying Knee","Deadly Poison"],"picked":"SKIP","floor":30},{"not_picked":["Poisoned Stab","Sucker Punch","Endless Agony"],"picked":"SKIP","floor":31},{"not_picked":["Die Die Die","Night Terror"],"picked":"Phantasmal Killer","floor":33},{"not_picked":["Acrobatics","Choke"],"picked":"Noxious Fumes+1","floor":34},{"not_picked":["Deadly Poison","Prepared","Outmaneuver+1"],"picked":"SKIP","floor":35},{"not_picked":["Deflect","Prepared","Dagger Spray"],"picked":"SKIP","floor":36},{"not_picked":["Dodge and Roll+1","Flying Knee"],"picked":"Blade Dance","floor":38},{"not_picked":["Cloak And Dagger","Flying Knee"],"picked":"Calculated Gamble","floor":39},{"not_picked":["Expertise+1","Dodge and Roll+1"],"picked":"Venomology+1","floor":41},{"not_picked":["Backstab","Underhanded Strike"],"picked":"Infinite Blades+1","floor":42},{"not_picked":["PiercingWail+1","Venomology+1"],"picked":"Leg Sweep+1","floor":44},{"not_picked":["Quick Slash","Dagger Spray"],"picked":"Acrobatics+1","floor":46}],"player_experience":355966,"relics_obtained":[{"floor":6,"key":"StrikeDummy"},{"floor":9,"key":"Blood Vial"},{"floor":10,"key":"Vajra"},{"floor":13,"key":"Frozen Egg 2"},{"floor":23,"key":"InkBottle"},{"floor":26,"key":"Bag of Preparation"},{"floor":29,"key":"Happy Flower"},{"floor":31,"key":"FossilizedHelix"},{"floor":41,"key":"Toxic Egg 2"},{"floor":43,"key":"Shuriken"},{"floor":44,"key":"Sundial"}],"event_choices":[{"damage_healed":0,"gold_gain":0,"player_choice":"Success","damage_taken":26,"relics_obtained":["White Beast Statue"],"max_hp_gain":0,"max_hp_loss":0,"event_name":"Scrap Ooze","floor":2,"gold_loss":0},{"damage_healed":0,"gold_gain":0,"player_choice":"Entered Light","damage_taken":18,"max_hp_gain":0,"max_hp_loss":0,"event_name":"Shining Light","floor":3,"gold_loss":0,"cards_upgraded":["Neutralize","Strike_G"]},{"damage_healed":0,"gold_gain":0,"player_choice":"Lose Max HP","damage_taken":0,"relics_obtained":["Golden Idol"],"max_hp_gain":0,"max_hp_loss":6,"event_name":"Golden Idol","floor":4,"gold_loss":0},{"damage_healed":0,"gold_gain":200,"player_choice":"Gold","damage_taken":0,"max_hp_gain":0,"max_hp_loss":0,"event_name":"Wheel of Change","floor":20,"gold_loss":0},{"damage_healed":0,"gold_gain":0,"player_choice":"Got Potions","damage_taken":0,"max_hp_gain":0,"max_hp_loss":0,"event_name":"Lab","floor":24,"gold_loss":0},{"damage_healed":0,"gold_gain":0,"player_choice":"Ignored","damage_taken":0,"max_hp_gain":0,"max_hp_loss":0,"event_name":"Mysterious Sphere","floor":48,"gold_loss":0}],"is_beta":false,"boss_relics":[{"not_picked":["Velvet Choker","Calling Bell"],"picked":"WristBlade"},{"not_picked":["Black Star","Snecko Eye"],"picked":"Tiny House"}],"items_purged_floors":[21,45],"is_endless":false,"potions_floor_spawned":[5,8,10,11,12,13,14,16,18,19,22,23,29,30,31,33,35,36,38,39,41,42,44,46],"ascension_level":16}