{"gold_per_floor":[116,116,132,46,65,98,98,123,146,173,187,212,228,153,153,230,230,246,31,49,49,49,49,49,81,81,81],"floor_reached":27,"playtime":1221,"items_purged":["All Out Attack"],"score":466,"play_id":"10baee6f-5abf-4442-a0bf-662aee2acff8","local_time":"20250304235721","is_ascension_mode":true,"campfire_choices":[{"floor":15,"key":"REST"},{"floor":23,"key":"REST"}],"neow_cost":"NONE","seed_source_timestamp":37609631449625,"circlet_count":0,"master_deck":["AscendersBane","Survivor","Neutralize","Riddle With Holes","Dagger Spray","Eviscerate+1","Footwork","Leg Sweep","Corpse Explosion","Acrobatics","Leg Sweep","Blade Dance","Catalyst","Wraith Form v2","All Out Attack","Glass Knife","Flechettes","Acrobatics","Night Terror","Dodge and Roll","Storm of Steel","Dodge and Roll","Well Laid Plans","PiercingWail"],"relics":["Ring of the Snake","PreservedInsect","Smiling Mask","Whetstone","Oddly Smooth Stone","Vajra","Pandora\u0027s Box","Art of War","Dream Catcher","Tingsha"],"potions_floor_usage":[6,8,16,16,25,25],"damage_taken":[{"damage":3,"enemies":"Small Slimes","floor":1,"turns":5},{"damage":1,"enemies":"Cultist","floor":3,"turns":3},{"damage":4,"enemies":"Jaw Worm","floor":5,"turns":3},{"damage":4,"enemies":"Lagavulin","floor":6,"turns":10},{"damage":16,"enemies":"Gremlin Nob","floor":8,"turns":3},{"damage":10,"enemies":"3 Sentries","floor":10,"turns":2},{"damage":5,"enemies":"Exordium Thugs","floor":11,"turns":6},{"damage":8,"enemies":"Gremlin Nob","floor":12,"turns":5},{"damage":0,"enemies":"3 Louse","floor":13,"turns":3},{"damage":6,"enemies":"The Guardian","floor":16,"turns":17},{"damage":29,"enemies":"Shell Parasite","floor":18,"turns":7},{"damage":21,"enemies":"2 Thieves","floor":20,"turns":3},{"damage":13,"enemies":"Slavers","floor":25,"turns":2},{"damage":23,"enemies":"Book of Stabbing","floor":27,"turns":5}],"seed_played":"-2343919832357834411","potions_obtained":[{"floor":0,"key":"SneckoOil"},{"floor":0,"key":"Explosive Potion"},{"floor":6,"key":"PowerPotion"},{"floor":8,"key":"CunningPotion"},{"floor":12,"key":"PowerPotion"},{"floor":20,"key":"DistilledChaos"},{"floor":24,"key":"Regen Potion"}],"is_trial":false,"path_per_floor":["M","?","M","$","M","E","?","E","T","E","M","E","M","?","R","B",null,"M","$","M","$","?","R","?","E","T","E"],"character_chosen":"THE_SILENT","items_purchased":["Footwork","Art of War"],"campfire_rested":2,"item_purchase_floors":[4,19],"current_hp_per_floor":[56,56,55,55,51,47,47,31,31,21,16,8,8,8,27,21,55,26,26,5,5,5,24,24,20,20,0],"gold":81,"neow_bonus":"THREE_SMALL_POTIONS","is_prod":false,"is_daily":false,"chose_seed":false,"campfire_upgraded":0,"win_rate":0,"timestamp":1741161441,"path_taken":["M","?","?","$","M","E","?","E","T","E","M","E","?","?","R","BOSS","M","$","M","$","?","R","?","E","T","E"],"build_version":"2022-12-18","purchased_purges":1,"victory":false,"max_hp_per_floor":[66,66,66,66,66,66,66,66,66,66,66,66,66,66,66,66,66,66,66,66,66,66,66,66,66,66,66],"card_choices":[{"not_picked":["Accuracy","Infinite Blades"],"picked":"Riddle With Holes","floor":1},{"not_picked":["Flying Knee","Heel Hook"],"picked":"Eviscerate","floor":3},{"not_picked":["All Out Attack","Deflect"],"picked":"Leg Sweep","floor":5},{"not_picked":["Deadly Poison","Slice"],"picked":"Corpse Explosion","floor":6},{"not_picked":["Escape Plan","Infinite Blades"],"picked":"Acrobatics","floor":8},{"not_picked":["Endless Agony","Cloak And Dagger"],"picked":"Leg Sweep","floor":10},{"not_picked":["Reflex","All Out Attack","Eviscerate"],"picked":"SKIP","floor":11},{"not_picked":["Flechettes","Heel Hook"],"picked":"Blade Dance","floor":12},{"not_picked":["Outmaneuver","Bane"],"picked":"Catalyst","floor":13},{"not_picked":["Phantasmal Killer","Grand Finale"],"picked":"Wraith Form v2","floor":16},{"not_picked":["Escape Plan","Setup"],"picked":"Dodge and Roll","floor":18},{"not_picked":["Dagger Spray","Setup"],"picked":"Well Laid Plans","floor":20},{"not_picked":["Deflect","Backflip"],"picked":"PiercingWail","floor":25}],"player_experience":354745,"relics_obtained":[{"floor":6,"key":"PreservedInsect"},{"floor":8,"key":"Smiling Mask"},{"floor":9,"key":"Whetstone"},{"floor":10,"key":"Oddly Smooth Stone"},{"floor":12,"key":"Vajra"},{"floor":25,"key":"Dream Catcher"},{"floor":26,"key":"Tingsha"}],"event_choices":[{"damage_healed":0,"gold_gain":0,"cards_transformed":["Strike_G"],"player_choice":"Transformed","damage_taken":0,"max_hp_gain":0,"max_hp_loss":0,"event_name":"Transmorgrifier","floor":2,"gold_loss":0,"cards_obtained":["Dagger Spray"]},{"damage_healed":0,"gold_gain":0,"player_choice":"0 cards matched","damage_taken":0,"max_hp_gain":0,"max_hp_loss":0,"event_name":"Match and Keep!","floor":7,"gold_loss":0,"cards_obtained":[]},{"cards_removed":["Strike_G"],"damage_healed":0,"gold_gain":0,"player_choice":"Card Removal","damage_taken":0,"max_hp_gain":0,"max_hp_loss":0,"event_name":"The Cleric","floor":14,"gold_loss":75},{"damage_healed":0,"gold_gain":0,"player_choice":"Ignored","damage_taken":0,"max_hp_gain":0,"max_hp_loss":0,"event_name":"The Mausoleum","floor":22,"gold_loss":0},{"damage_healed":0,"gold_gain":0,"player_choice":"Got Potions","damage_taken":0,"max_hp_gain":0,"max_hp_loss":0,"event_name":"Lab","floor":24,"gold_loss":0}],"is_beta":false,"boss_relics":[{"not_picked":["Runic Dome","Cursed Key"],"picked":"Pandora\u0027s Box"}],"items_purged_floors":[19],"is_endless":false,"potions_floor_spawned":[6,8,10,12,20],"killed_by":"Book of Stabbing","ascension_level":16}