{"gold_per_floor":[114,39,58,133,133,133,166,166,190,209,58,4,37,37,37,112,112,123,133,133,149,174,186],"floor_reached":23,"playtime":897,"items_purged":["Defend_G"],"score":364,"play_id":"5c0af9af-b68d-43eb-8bf4-9e592253bd5b","local_time":"20250410235214","is_ascension_mode":true,"campfire_choices":[{"data":"Bouncing Flask","floor":6,"key":"SMITH"},{"floor":8,"key":"REST"},{"data":"Blade Dance","floor":15,"key":"SMITH"}],"neow_cost":"PERCENT_DAMAGE","seed_source_timestamp":612642377406416,"circlet_count":0,"master_deck":["AscendersBane","Strike_G","Strike_G","Strike_G","Defend_G","Defend_G","Defend_G","Survivor","Neutralize","Poisoned Stab","Bouncing Flask+1","Choke","Calculated Gamble","PiercingWail","Footwork","Backflip","Blade Dance+1","After Image","Flechettes","Flechettes+1"],"relics":["Ring of the Snake","Torii","MealTicket","Strawberry","Centennial Puzzle","Snecko Eye","MawBank"],"potions_floor_usage":[18,21],"damage_taken":[{"damage":7,"enemies":"2 Louse","floor":1,"turns":5},{"damage":2,"enemies":"Jaw Worm","floor":3,"turns":5},{"damage":22,"enemies":"Lagavulin","floor":7,"turns":6},{"damage":1,"enemies":"Small Slimes","floor":10,"turns":3},{"damage":19,"enemies":"3 Sentries","floor":13,"turns":11},{"damage":3,"enemies":"Hexaghost","floor":16,"turns":9},{"damage":8,"enemies":"Shell Parasite","floor":18,"turns":2},{"damage":1,"enemies":"2 Thieves","floor":19,"turns":2},{"damage":8,"enemies":"Snake Plant","floor":21,"turns":4},{"damage":33,"enemies":"Book of Stabbing","floor":23,"turns":4}],"seed_played":"-3400822949460794906","potions_obtained":[{"floor":7,"key":"AttackPotion"},{"floor":10,"key":"FearPotion"},{"floor":18,"key":"ColorlessPotion"},{"floor":21,"key":"Poison Potion"}],"is_trial":false,"path_per_floor":["M","?","M","?","?","R","E","R","T","M","$","$","E","?","R","B",null,"M","M","?","M","T","E"],"character_chosen":"THE_SILENT","items_purchased":["Footwork","Backflip"],"campfire_rested":1,"item_purchase_floors":[11,12],"current_hp_per_floor":[37,37,35,24,24,24,2,21,28,27,42,57,38,38,38,35,64,56,55,34,26,26,0],"gold":186,"neow_bonus":"ONE_RARE_RELIC","is_prod":false,"is_daily":false,"chose_seed":false,"campfire_upgraded":2,"win_rate":0,"timestamp":1744354334,"path_taken":["M","?","M","?","?","R","E","R","T","?","?","$","E","?","R","BOSS","M","M","?","M","?","E"],"build_version":"2022-12-18","purchased_purges":1,"victory":false,"max_hp_per_floor":[66,66,66,66,66,66,66,66,73,73,73,73,73,73,73,73,73,73,73,78,78,78,78],"card_choices":[{"not_picked":["Backflip","Calculated Gamble"],"picked":"Poisoned Stab","floor":1},{"not_picked":["Accuracy","Underhanded Strike"],"picked":"Bouncing Flask","floor":3},{"not_picked":["Underhanded Strike","Phantasmal Killer"],"picked":"Calculated Gamble","floor":7},{"not_picked":["Deadly Poison","Slice"],"picked":"PiercingWail","floor":10},{"not_picked":["Prepared","Dash"],"picked":"Blade Dance","floor":13},{"not_picked":["Night Terror","Corpse Explosion"],"picked":"After Image","floor":16},{"not_picked":["Slice","All Out Attack"],"picked":"Flechettes","floor":18},{"not_picked":["Quick Slash","Dagger Throw","Dodge and Roll"],"picked":"SKIP","floor":19},{"not_picked":["Quick Slash","Dagger Throw","Dodge and Roll"],"picked":"SKIP","floor":19},{"not_picked":["All Out Attack","Skewer"],"picked":"Flechettes+1","floor":21}],"player_experience":383520,"relics_obtained":[{"floor":7,"key":"MealTicket"},{"floor":9,"key":"Strawberry"},{"floor":13,"key":"Centennial Puzzle"},{"floor":22,"key":"MawBank"}],"event_choices":[{"cards_removed":["Defend_G"],"damage_healed":0,"gold_gain":0,"player_choice":"Card Removal","damage_taken":0,"max_hp_gain":0,"max_hp_loss":0,"event_name":"The Cleric","floor":2,"gold_loss":75},{"damage_healed":0,"gold_gain":75,"player_choice":"Gather Gold","damage_taken":11,"max_hp_gain":0,"max_hp_loss":0,"event_name":"World of Goop","floor":4,"gold_loss":0},{"damage_healed":0,"gold_gain":0,"cards_transformed":["Strike_G"],"player_choice":"Transformed","damage_taken":0,"max_hp_gain":0,"max_hp_loss":0,"event_name":"Transmorgrifier","floor":5,"gold_loss":0,"cards_obtained":["Choke"]},{"cards_removed":["Strike_G"],"damage_healed":0,"gold_gain":0,"player_choice":"Purged","damage_taken":0,"max_hp_gain":0,"max_hp_loss":0,"event_name":"Purifier","floor":14,"gold_loss":0},{"damage_healed":0,"gold_gain":0,"player_choice":"Shed Blood","damage_taken":26,"max_hp_gain":5,"max_hp_loss":0,"event_name":"Forgotten Altar","floor":20,"gold_loss":0}],"is_beta":false,"boss_relics":[{"not_picked":["SlaversCollar","Fusion Hammer"],"picked":"Snecko Eye"}],"items_purged_floors":[11],"is_endless":false,"potions_floor_spawned":[7,10,13,18,21],"killed_by":"Book of Stabbing","ascension_level":17}