{"gold_per_floor":[119,137,156,5,5,5,37,37,107,107,137,37,37,56,56,135,135,149,64,64,0,0,31,31,31],"floor_reached":25,"playtime":1393,"items_purged":["Strike_G","Defend_G"],"score":463,"play_id":"906847ce-1db6-4cfb-8f73-304671956766","local_time":"20250410233708","is_ascension_mode":true,"campfire_choices":[{"data":"Footwork","floor":6,"key":"SMITH"},{"data":"Finisher","floor":8,"key":"SMITH"},{"data":"Dash","floor":10,"key":"SMITH"},{"data":"Deadly Poison","floor":13,"key":"SMITH"},{"data":"Cloak And Dagger","floor":15,"key":"SMITH"},{"data":"Catalyst","floor":24,"key":"SMITH"}],"neow_cost":"NONE","seed_source_timestamp":611239772577916,"circlet_count":0,"master_deck":["AscendersBane","Strike_G","Strike_G","Strike_G","Strike_G","Defend_G+1","Defend_G","Defend_G+1","Defend_G","Survivor","Neutralize","Footwork+1","Cloak And Dagger+1","Deflect","Dash+1","Finisher+1","PiercingWail","Deadly Poison+1","Dodge and Roll","Corpse Explosion","Deadly Poison","Footwork","Tactician","Catalyst+1","PiercingWail"],"relics":["Ring of the Snake","War Paint","HornCleat","Eternal Feather","Runic Pyramid","Tingsha"],"potions_floor_usage":[7,23],"damage_taken":[{"damage":2,"enemies":"Cultist","floor":1,"turns":4},{"damage":1,"enemies":"Jaw Worm","floor":2,"turns":5},{"damage":2,"enemies":"Small Slimes","floor":3,"turns":4},{"damage":15,"enemies":"Lagavulin","floor":7,"turns":15},{"damage":18,"enemies":"3 Sentries","floor":11,"turns":14},{"damage":6,"enemies":"Exordium Wildlife","floor":14,"turns":6},{"damage":9,"enemies":"Hexaghost","floor":16,"turns":14},{"damage":10,"enemies":"Spheric Guardian","floor":18,"turns":11},{"damage":0,"enemies":"2 Thieves","floor":21,"turns":4},{"damage":15,"enemies":"Slavers","floor":23,"turns":8},{"damage":63,"enemies":"Gremlin Leader","floor":25,"turns":8}],"seed_played":"-3845307782444640148","potions_obtained":[{"floor":5,"key":"PowerPotion"},{"floor":5,"key":"GamblersBrew"},{"floor":11,"key":"Ancient Potion"},{"floor":14,"key":"GhostInAJar"},{"floor":23,"key":"EssenceOfSteel"}],"is_trial":false,"path_per_floor":["M","M","M","$","?","R","E","R","T","R","E","$","R","M","R","B",null,"M","$","?","M","?","E","R","E"],"character_chosen":"THE_SILENT","items_purchased":["Finisher","Footwork"],"campfire_rested":0,"item_purchase_floors":[4,19],"current_hp_per_floor":[57,56,54,54,54,54,39,39,39,39,21,21,30,24,33,24,56,46,46,46,46,46,31,46,0],"gold":31,"neow_bonus":"THREE_CARDS","is_prod":false,"is_daily":false,"chose_seed":false,"campfire_upgraded":6,"win_rate":0,"timestamp":1744353428,"path_taken":["M","M","M","$","?","R","E","R","T","R","E","?","R","M","R","BOSS","M","$","?","M","?","E","R","E"],"build_version":"2022-12-18","purchased_purges":2,"victory":false,"max_hp_per_floor":[66,66,66,66,66,66,66,66,66,66,66,66,66,66,66,66,66,66,66,66,66,66,66,66,66],"card_choices":[{"not_picked":["Endless Agony","Accuracy"],"picked":"Footwork","floor":0},{"not_picked":["Flying Knee","Deflect"],"picked":"Cloak And Dagger","floor":1},{"not_picked":["Bane","Flying Knee"],"picked":"Deflect","floor":2},{"not_picked":["Bane","Prepared"],"picked":"Dash","floor":3},{"not_picked":["Quick Slash","Bane"],"picked":"PiercingWail","floor":7},{"not_picked":["Glass Knife","Prepared"],"picked":"Deadly Poison","floor":11},{"not_picked":["Concentrate","Deflect"],"picked":"Dodge and Roll","floor":14},{"not_picked":["Bullet Time","Malaise"],"picked":"Corpse Explosion","floor":16},{"not_picked":["Flying Knee","Dagger Throw"],"picked":"Deadly Poison","floor":18},{"not_picked":["Acrobatics","Outmaneuver"],"picked":"Tactician","floor":21},{"not_picked":["Dagger Spray","Quick Slash"],"picked":"PiercingWail","floor":23}],"player_experience":382127,"relics_obtained":[{"floor":7,"key":"War Paint"},{"floor":9,"key":"HornCleat"},{"floor":11,"key":"Eternal Feather"},{"floor":23,"key":"Tingsha"}],"event_choices":[{"damage_healed":0,"gold_gain":0,"player_choice":"Got Potions","damage_taken":0,"max_hp_gain":0,"max_hp_loss":0,"event_name":"Lab","floor":5,"gold_loss":0},{"damage_healed":0,"gold_gain":0,"player_choice":"Ignored","damage_taken":0,"max_hp_gain":0,"max_hp_loss":0,"event_name":"The Mausoleum","floor":20,"gold_loss":0},{"damage_healed":0,"gold_gain":0,"player_choice":"Read","damage_taken":0,"max_hp_gain":0,"max_hp_loss":0,"event_name":"The Library","floor":22,"gold_loss":0,"cards_obtained":["Catalyst"]}],"is_beta":false,"boss_relics":[{"not_picked":["Cursed Key","Ectoplasm"],"picked":"Runic Pyramid"}],"items_purged_floors":[4,12],"is_endless":false,"potions_floor_spawned":[11,14,23],"killed_by":"Gremlin Leader","ascension_level":17}