{"gold_per_floor":[109,109,4,18,34,63,63,63,63,63,97,9,33,76,76,163,163,190,190,17,33,51,51],"floor_reached":23,"playtime":1024,"items_purged":["Strike_G"],"score":393,"play_id":"fd72d4be-b43f-4377-ad76-c008f11a5d00","local_time":"20250417233025","is_ascension_mode":true,"campfire_choices":[{"data":"Bane","floor":7,"key":"SMITH"},{"data":"Bouncing Flask","floor":10,"key":"SMITH"},{"floor":15,"key":"REST"}],"neow_cost":"NONE","seed_source_timestamp":842563823088708,"circlet_count":0,"master_deck":["AscendersBane","Strike_G","Strike_G","Strike_G","Defend_G","Defend_G","Defend_G","Defend_G","Survivor","Neutralize","Bouncing Flask+1","Deadly Poison","Bane+1","Doppelganger","Crippling Poison","PanicButton","Escape Plan","Caltrops","Bullet Time","PiercingWail","Poisoned Stab","Tactician"],"relics":["Ring of the Snake","NeowsBlessing","Gremlin Horn","CeramicFish","StrikeDummy","Question Card","Omamori","Coffee Dripper","ClockworkSouvenir"],"potions_floor_usage":[14,16,23],"damage_taken":[{"damage":0,"enemies":"2 Louse","floor":1,"turns":1},{"damage":0,"enemies":"Jaw Worm","floor":4,"turns":1},{"damage":0,"enemies":"Cultist","floor":5,"turns":1},{"damage":12,"enemies":"Lagavulin","floor":6,"turns":6},{"damage":19,"enemies":"3 Sentries","floor":11,"turns":7},{"damage":3,"enemies":"2 Fungi Beasts","floor":13,"turns":3},{"damage":2,"enemies":"Lagavulin","floor":14,"turns":3},{"damage":34,"enemies":"The Guardian","floor":16,"turns":9},{"damage":10,"enemies":"Spheric Guardian","floor":18,"turns":4},{"damage":6,"enemies":"2 Thieves","floor":21,"turns":5},{"damage":34,"enemies":"Slavers","floor":23,"turns":4}],"seed_played":"-181883443253614865","potions_obtained":[{"floor":1,"key":"SpeedPotion"},{"floor":5,"key":"GhostInAJar"},{"floor":6,"key":"DuplicationPotion"},{"floor":18,"key":"Strength Potion"},{"floor":21,"key":"SkillPotion"}],"is_trial":false,"path_per_floor":["M","?","$","M","M","E","R","?","T","R","E","$","M","E","R","B",null,"M","?","$","M","?","E"],"character_chosen":"THE_SILENT","items_purchased":["Deadly Poison","PanicButton","ClockworkSouvenir"],"campfire_rested":1,"item_purchase_floors":[3,12,20],"current_hp_per_floor":[59,59,59,59,59,47,47,42,42,42,23,23,20,18,37,3,50,40,40,40,34,34,0],"gold":51,"neow_bonus":"THREE_ENEMY_KILL","is_prod":false,"is_daily":false,"chose_seed":false,"campfire_upgraded":2,"win_rate":0,"timestamp":1744957825,"path_taken":["M","?","?","M","?","E","R","?","T","R","E","$","M","E","R","BOSS","M","?","$","M","?","E"],"build_version":"2022-12-18","purchased_purges":1,"victory":false,"max_hp_per_floor":[66,66,66,66,66,66,66,66,66,66,66,66,66,66,66,66,66,66,66,66,66,66,66],"card_choices":[{"not_picked":["Flechettes","Cloak And Dagger"],"picked":"Bouncing Flask","floor":1},{"not_picked":["Outmaneuver","Slice"],"picked":"Bane","floor":4},{"not_picked":["Quick Slash","Distraction"],"picked":"Doppelganger","floor":5},{"not_picked":["Acrobatics","Accuracy"],"picked":"Crippling Poison","floor":6},{"not_picked":["Poisoned Stab","Prepared","Setup"],"picked":"SKIP","floor":11},{"not_picked":["Poisoned Stab","Dagger Spray","Slice"],"picked":"Escape Plan","floor":13},{"not_picked":["Dagger Throw","Expertise","Doppelganger"],"picked":"Caltrops","floor":14},{"not_picked":["A Thousand Cuts","Tools of the Trade","After Image"],"picked":"Bullet Time","floor":16},{"not_picked":["Blur","Prepared","Escape Plan"],"picked":"PiercingWail","floor":18},{"not_picked":["Sucker Punch","Reflex+1","Underhanded Strike","Quick Slash"],"picked":"SKIP","floor":21}],"player_experience":403719,"relics_obtained":[{"floor":6,"key":"Gremlin Horn"},{"floor":9,"key":"StrikeDummy"},{"floor":11,"key":"Question Card"},{"floor":14,"key":"Omamori"}],"event_choices":[{"damage_healed":0,"gold_gain":0,"player_choice":"Ignored","damage_taken":0,"max_hp_gain":0,"max_hp_loss":0,"event_name":"Liars Game","floor":2,"gold_loss":0},{"damage_healed":0,"gold_gain":0,"player_choice":"Success","damage_taken":5,"relics_obtained":["CeramicFish"],"max_hp_gain":0,"max_hp_loss":0,"event_name":"Scrap Ooze","floor":8,"gold_loss":0},{"damage_healed":0,"gold_gain":0,"player_choice":"Smashed Altar","damage_taken":0,"max_hp_gain":0,"max_hp_loss":0,"event_name":"Forgotten Altar","floor":19,"gold_loss":0,"cards_obtained":["Decay"]},{"damage_healed":0,"gold_gain":0,"cards_transformed":["Strike_G","Defend_G"],"player_choice":"Became Test Subject","damage_taken":0,"max_hp_gain":0,"max_hp_loss":0,"event_name":"Drug Dealer","floor":22,"gold_loss":0,"cards_obtained":["Poisoned Stab","Tactician"]}],"is_beta":false,"boss_relics":[{"not_picked":["Pandora\u0027s Box","Fusion Hammer"],"picked":"Coffee Dripper"}],"items_purged_floors":[3],"is_endless":false,"potions_floor_spawned":[1,5,6,13,18,21],"killed_by":"Slavers","ascension_level":18}