{"gold_per_floor":[15,30,50,62,62,62,62,87,114,14,30,30,57,88,88,164,164,176,77,90,110,10,10,10,45,120,120,155,175,204,217,217,295,295,305,316,333,42,42,72,72,97,124,124,140,174,200,225,237,249,261,273,285,46,81,81],"floor_reached":57,"playtime":10972,"items_purged":["Strike_G","Strike_G","Strike_G"],"score":2949,"play_id":"cdceb8ac-e39f-4063-9955-8dac1f05f52f","local_time":"20250424224424","is_ascension_mode":true,"campfire_choices":[{"data":"Glass Knife","floor":6,"key":"SMITH"},{"data":"Accuracy","floor":12,"key":"SMITH"},{"data":"Well Laid Plans","floor":15,"key":"SMITH"},{"data":"1","floor":24,"key":"LIFT"},{"data":"2","floor":27,"key":"LIFT"},{"data":"3","floor":32,"key":"LIFT"},{"data":"Wraith Form v2","floor":41,"key":"SMITH"},{"data":"Night Terror","floor":44,"key":"SMITH"},{"floor":49,"key":"RECALL"},{"data":"Blade Dance","floor":53,"key":"SMITH"}],"neow_cost":"NO_GOLD","seed_source_timestamp":1153225553520917,"circlet_count":0,"master_deck":["AscendersBane","Strike_G","Defend_G","Defend_G+1","Defend_G+1","Defend_G","Survivor","Neutralize","Glass Knife+1","Tools of the Trade","Backstab","Blade Dance+1","Accuracy+1","Well Laid Plans+1","Blade Dance","Blade Dance","Adrenaline","CurseOfTheBell","Dark Shackles","Prepared+1","Dodge and Roll","PiercingWail","Acrobatics+1","Night Terror+1","PiercingWail","Footwork","Wraith Form v2+1","Cloak And Dagger+1","Backflip+1","Malaise"],"relics":["Ring of the Snake","War Paint","Regal Pillow","Anchor","Pen Nib","Pear","Calling Bell","PreservedInsect","Kunai","Girya","Bird Faced Urn","HornCleat","Bronze Scales","Art of War","SlaversCollar","Vajra","Mango","Snake Skull","MawBank","OrangePellets","StrikeDummy"],"potions_floor_usage":[16,50,55],"damage_taken":[{"damage":7,"enemies":"Jaw Worm","floor":1,"turns":4},{"damage":0,"enemies":"2 Louse","floor":2,"turns":2},{"damage":0,"enemies":"Cultist","floor":3,"turns":3},{"damage":16,"enemies":"Exordium Wildlife","floor":4,"turns":5},{"damage":14,"enemies":"Lagavulin","floor":8,"turns":7},{"damage":0,"enemies":"Looter","floor":11,"turns":1},{"damage":2,"enemies":"Gremlin Nob","floor":14,"turns":3},{"damage":10,"enemies":"Hexaghost","floor":16,"turns":7},{"damage":0,"enemies":"Shell Parasite","floor":18,"turns":2},{"damage":0,"enemies":"Spheric Guardian","floor":20,"turns":2},{"damage":0,"enemies":"Chosen and Byrds","floor":21,"turns":7},{"damage":4,"enemies":"Book of Stabbing","floor":25,"turns":3},{"damage":0,"enemies":"Gremlin Leader","floor":28,"turns":3},{"damage":0,"enemies":"3 Cultists","floor":29,"turns":4},{"damage":1,"enemies":"Slavers","floor":30,"turns":4},{"damage":0,"enemies":"Snecko","floor":31,"turns":4},{"damage":7,"enemies":"Automaton","floor":33,"turns":7},{"damage":2,"enemies":"3 Darklings","floor":35,"turns":4},{"damage":1,"enemies":"Orb Walker","floor":36,"turns":3},{"damage":9,"enemies":"Writhing Mass","floor":37,"turns":8},{"damage":0,"enemies":"Nemesis","floor":40,"turns":5},{"damage":2,"enemies":"Reptomancer","floor":42,"turns":4},{"damage":18,"enemies":"Spire Growth","floor":45,"turns":5},{"damage":0,"enemies":"Giant Head","floor":46,"turns":6},{"damage":2,"enemies":"3 Darklings","floor":47,"turns":6},{"damage":0,"enemies":"4 Shapes","floor":48,"turns":4},{"damage":75,"enemies":"Time Eater","floor":50,"turns":11},{"damage":14,"enemies":"Awakened One","floor":51,"turns":12},{"damage":0,"enemies":"Shield and Spear","floor":55,"turns":5},{"damage":92,"enemies":"The Heart","floor":56,"turns":15}],"seed_played":"5781057987866212749","potions_obtained":[{"floor":4,"key":"Explosive Potion"},{"floor":8,"key":"Block Potion"},{"floor":11,"key":"PowerPotion"},{"floor":18,"key":"FearPotion"},{"floor":30,"key":"FairyPotion"},{"floor":45,"key":"Dexterity Potion"}],"is_trial":false,"path_per_floor":["M","M","M","M","?","R","?","E","T","$","M","R","T","E","R","B",null,"M","$","M","M","$","?","R","E","T","R","E","M","E","M","R","B",null,"M","M","M","$","?","E","R","E","T","R","M","E","M","M","R","B","B",null,"R","$","E","B",null],"character_chosen":"THE_SILENT","items_purchased":["Blade Dance","Dark Shackles","Wraith Form v2","OrangePellets","DuplicationPotion"],"campfire_rested":0,"item_purchase_floors":[10,19,38,54,54],"current_hp_per_floor":[52,52,52,36,36,36,36,22,22,22,22,22,22,30,30,20,62,62,62,62,62,62,62,62,58,58,58,64,70,75,76,76,69,74,74,75,67,67,67,89,89,90,90,90,80,90,90,90,90,25,25,74,74,74,84,8],"gold":81,"neow_bonus":"TRANSFORM_TWO_CARDS","is_prod":false,"is_daily":false,"chose_seed":false,"campfire_upgraded":6,"win_rate":0,"timestamp":1745559864,"path_taken":["M","M","M","M","?","R","?","E","T","$","M","R","?","E","R","BOSS","M","?","M","M","$","?","R","E","T","R","E","M","E","M","R","BOSS","M","M","M","$","?","E","R","E","T","R","M","E","?","M","R","BOSS","BOSS","R","$","E","BOSS"],"build_version":"2022-12-18","purchased_purges":3,"victory":true,"max_hp_per_floor":[66,66,66,66,66,66,66,66,66,66,66,66,66,76,76,76,76,76,76,76,76,76,76,76,76,76,76,76,76,76,76,76,76,76,76,76,76,76,76,90,90,90,90,90,90,90,90,90,90,90,90,90,90,90,90,90],"card_choices":[{"not_picked":["Quick Slash","Dodge and Roll"],"picked":"Backstab","floor":1},{"not_picked":["Slice","Riddle With Holes"],"picked":"Blade Dance","floor":2},{"not_picked":["Flying Knee","Grand Finale","Outmaneuver"],"picked":"SKIP","floor":3},{"not_picked":["Dash","PiercingWail"],"picked":"Accuracy","floor":4},{"not_picked":["Flying Knee","Choke"],"picked":"Well Laid Plans","floor":8},{"not_picked":["Poisoned Stab","Cloak And Dagger","Dagger Spray"],"picked":"SKIP","floor":11},{"not_picked":["Dagger Throw","Infinite Blades"],"picked":"Blade Dance","floor":14},{"not_picked":["Malaise","Tools of the Trade"],"picked":"Adrenaline","floor":16},{"not_picked":["Deadly Poison","Blade Dance","All Out Attack"],"picked":"SKIP","floor":18},{"not_picked":["Choke+1","Dagger Throw"],"picked":"Prepared+1","floor":20},{"not_picked":["Deflect","Dagger Spray"],"picked":"Dodge and Roll","floor":21},{"not_picked":["Prepared","Flying Knee","Bullet Time"],"picked":"SKIP","floor":25},{"not_picked":["Sucker Punch","Bane+1","Skewer"],"picked":"SKIP","floor":28},{"not_picked":["Finisher","Deadly Poison"],"picked":"PiercingWail","floor":29},{"not_picked":["Escape Plan","Choke+1","Dagger Throw"],"picked":"SKIP","floor":30},{"not_picked":["Bouncing Flask","Poisoned Stab"],"picked":"Acrobatics+1","floor":31},{"not_picked":["Bullet Time","Envenom"],"picked":"Night Terror","floor":33},{"not_picked":["Crippling Poison","Dodge and Roll"],"picked":"PiercingWail","floor":35},{"not_picked":["Bane","Dagger Spray"],"picked":"Footwork","floor":36},{"not_picked":["Quick Slash","Heel Hook","Outmaneuver"],"picked":"SKIP","floor":37},{"not_picked":["Dodge and Roll","Acrobatics"],"picked":"Cloak And Dagger+1","floor":40},{"not_picked":["Tactician","Heel Hook","Caltrops"],"picked":"SKIP","floor":42},{"not_picked":["Tools of the Trade","Dash","Dagger Throw+1"],"picked":"SKIP","floor":45},{"not_picked":["Noxious Fumes+1","Deadly Poison","Prepared"],"picked":"SKIP","floor":46},{"not_picked":["Dodge and Roll","Leg Sweep","Caltrops"],"picked":"SKIP","floor":47},{"not_picked":["Sucker Punch","Acrobatics"],"picked":"Backflip+1","floor":48},{"not_picked":["Predator","Eviscerate"],"picked":"Malaise","floor":55}],"player_experience":456090,"relics_obtained":[{"floor":8,"key":"Regal Pillow"},{"floor":9,"key":"Anchor"},{"floor":13,"key":"Pen Nib"},{"floor":14,"key":"Pear"},{"floor":17,"key":"PreservedInsect"},{"floor":17,"key":"Kunai"},{"floor":17,"key":"Girya"},{"floor":25,"key":"Bird Faced Urn"},{"floor":26,"key":"HornCleat"},{"floor":28,"key":"Bronze Scales"},{"floor":30,"key":"Art of War"},{"floor":39,"key":"Vajra"},{"floor":40,"key":"Mango"},{"floor":42,"key":"Snake Skull"},{"floor":46,"key":"MawBank"},{"floor":55,"key":"StrikeDummy"}],"event_choices":[{"damage_healed":0,"gold_gain":0,"player_choice":"Ignored","damage_taken":0,"max_hp_gain":0,"max_hp_loss":0,"event_name":"Liars Game","floor":5,"gold_loss":0},{"damage_healed":0,"gold_gain":0,"player_choice":"Searched \u00271\u0027 times","damage_taken":0,"relics_obtained":["War Paint"],"max_hp_gain":0,"max_hp_loss":0,"event_name":"Dead Adventurer","floor":7,"gold_loss":0},{"damage_healed":0,"gold_gain":0,"player_choice":"Ignored","damage_taken":0,"max_hp_gain":0,"max_hp_loss":0,"event_name":"Cursed Tome","floor":23,"gold_loss":0},{"damage_healed":0,"gold_gain":0,"player_choice":"Relic","damage_taken":0,"max_hp_gain":0,"max_hp_loss":0,"event_name":"Wheel of Change","floor":39,"gold_loss":0}],"is_beta":false,"boss_relics":[{"not_picked":["Empty Cage","Sozu"],"picked":"Calling Bell"},{"not_picked":["Fusion Hammer","Cursed Key"],"picked":"SlaversCollar"}],"items_purged_floors":[10,22,38],"is_endless":false,"potions_floor_spawned":[4,8,11,18,29,30,35,37,45,47,48],"ascension_level":20}