{"gold_per_floor":[115,40,40,59,71,106,106,139,139,169,169,194,206,35,35,106,106,116,127,138,148,164,174,193,193,219,144,144,171,171,202,202,276,276,288,300,352,352,364,394,394,411,460,488,488,488,513,513,513,513],"floor_reached":51,"playtime":2924,"items_purged":["Defend_G"],"score":1536,"play_id":"7320a9f0-925d-4b01-aaf4-153a1a2fa091","local_time":"20250420005124","is_ascension_mode":true,"campfire_choices":[{"data":"Venomology","floor":7,"key":"SMITH"},{"data":"Malaise","floor":11,"key":"SMITH"},{"data":"Choke","floor":15,"key":"SMITH"},{"floor":25,"key":"REST"},{"data":"Blade Dance","floor":28,"key":"SMITH"},{"data":"Storm of Steel","floor":30,"key":"SMITH"},{"data":"Envenom","floor":32,"key":"SMITH"},{"data":"Terror","floor":41,"key":"SMITH"},{"floor":45,"key":"REST"},{"floor":49,"key":"REST"}],"neow_cost":"NONE","seed_source_timestamp":942555620986333,"circlet_count":0,"master_deck":["AscendersBane","Strike_G","Strike_G","Strike_G","Strike_G","Defend_G","Defend_G","Defend_G","Defend_G","Survivor","Neutralize","Poisoned Stab","Blade Dance+1","Venomology+1","Backstab","Malaise+1","Escape Plan","Choke+1","Storm of Steel+1","Finisher","Escape Plan+1","Blade Dance","Endless Agony","Prepared","PiercingWail","Envenom+1","Blade Dance","Blur","Dodge and Roll+1","Choke+1","Terror+1","Accuracy","Setup+1"],"relics":["Ring of the Serpent","NeowsBlessing","Ninja Scroll","InkBottle","Paper Crane","Odd Mushroom","Incense Burner","ClockworkSouvenir","WristBlade","Akabeko","Centennial Puzzle","Blood Vial","Mango","Kunai","Strawberry","Bottled Lightning","Lizard Tail"],"potions_floor_usage":[6,6,6,8,8,10,16,16,19,20,20,29,31,33,33,36,39,39,40,40,42,47,47,50],"damage_taken":[{"damage":0,"enemies":"Cultist","floor":1,"turns":1},{"damage":0,"enemies":"2 Louse","floor":4,"turns":1},{"damage":0,"enemies":"Jaw Worm","floor":5,"turns":1},{"damage":8,"enemies":"Gremlin Nob","floor":6,"turns":3},{"damage":12,"enemies":"Lagavulin","floor":8,"turns":5},{"damage":6,"enemies":"The Mushroom Lair","floor":10,"turns":3},{"damage":28,"enemies":"Gremlin Nob","floor":12,"turns":5},{"damage":0,"enemies":"Looter","floor":13,"turns":1},{"damage":16,"enemies":"Slime Boss","floor":16,"turns":10},{"damage":0,"enemies":"2 Thieves","floor":18,"turns":2},{"damage":3,"enemies":"3 Byrds","floor":19,"turns":5},{"damage":24,"enemies":"Cultist and Chosen","floor":20,"turns":4},{"damage":0,"enemies":"Snecko","floor":21,"turns":2},{"damage":6,"enemies":"Shelled Parasite and Fungi","floor":22,"turns":2},{"damage":0,"enemies":"Centurion and Healer","floor":23,"turns":3},{"damage":1,"enemies":"Snecko","floor":24,"turns":3},{"damage":0,"enemies":"Slavers","floor":29,"turns":3},{"damage":1,"enemies":"Book of Stabbing","floor":31,"turns":2},{"damage":23,"enemies":"Champ","floor":33,"turns":7},{"damage":6,"enemies":"Orb Walker","floor":35,"turns":2},{"damage":0,"enemies":"3 Shapes","floor":36,"turns":3},{"damage":15,"enemies":"2 Orb Walkers","floor":37,"turns":4},{"damage":10,"enemies":"Maw","floor":39,"turns":4},{"damage":17,"enemies":"Giant Head","floor":40,"turns":5},{"damage":2,"enemies":"3 Darklings","floor":42,"turns":5},{"damage":13,"enemies":"Nemesis","floor":44,"turns":3},{"damage":0,"enemies":"Reptomancer","floor":47,"turns":4},{"damage":28,"enemies":"Donu and Deca","floor":50,"turns":9}],"seed_played":"-7075149778496088593","potions_obtained":[{"floor":5,"key":"DuplicationPotion"},{"floor":6,"key":"SkillPotion"},{"floor":8,"key":"Poison Potion"},{"floor":13,"key":"DistilledChaos"},{"floor":16,"key":"PowerPotion"},{"floor":24,"key":"DuplicationPotion"},{"floor":36,"key":"LiquidMemories"},{"floor":39,"key":"FearPotion"},{"floor":47,"key":"CunningPotion"}],"is_trial":false,"path_per_floor":["M","$","$","M","M","E","R","E","T","?","R","E","M","$","R","B",null,"M","M","M","M","M","M","M","R","T","?","R","E","R","E","R","B",null,"M","M","?","?","M","E","R","M","T","E","R","?","E","?","R","B",null],"character_chosen":"THE_SILENT","items_purchased":["ClockworkSouvenir"],"campfire_rested":3,"item_purchase_floors":[14],"current_hp_per_floor":[59,59,59,59,59,51,51,53,53,47,47,19,19,19,19,3,50,50,47,23,23,17,17,16,35,35,35,35,35,35,34,34,28,57,53,55,56,56,48,33,33,33,40,29,53,53,55,55,79,53],"gold":513,"neow_bonus":"THREE_ENEMY_KILL","is_prod":false,"is_daily":false,"chose_seed":false,"campfire_upgraded":7,"win_rate":0,"timestamp":1745135484,"path_taken":["M","?","$","M","?","E","R","E","T","?","R","E","M","$","R","BOSS","M","M","M","M","M","M","M","R","T","?","R","E","R","E","R","BOSS","M","M","?","?","M","E","R","M","T","E","R","?","E","?","R","BOSS"],"build_version":"2022-12-18","purchased_purges":1,"victory":true,"max_hp_per_floor":[66,66,66,66,66,66,66,66,66,66,66,66,66,66,66,66,66,66,66,66,66,66,66,66,66,66,66,66,66,66,66,66,66,66,66,66,80,76,76,76,76,76,83,83,83,83,83,83,83,83],"card_choices":[{"not_picked":["Predator","Expertise"],"picked":"Poisoned Stab","floor":1},{"not_picked":["Dagger Throw","Bane"],"picked":"Blade Dance","floor":4},{"not_picked":["Deadly Poison","Predator"],"picked":"Venomology","floor":5},{"not_picked":["Bane","Blur"],"picked":"Backstab","floor":6},{"not_picked":["Choke","Skewer"],"picked":"Malaise","floor":8},{"not_picked":["Dodge and Roll","Flying Knee"],"picked":"Escape Plan","floor":10},{"not_picked":["Burst","Prepared"],"picked":"Choke","floor":12},{"not_picked":["Outmaneuver","Sucker Punch","Dagger Throw"],"picked":"SKIP","floor":13},{"not_picked":["Corpse Explosion","Night Terror"],"picked":"Storm of Steel","floor":16},{"not_picked":["Underhanded Strike","All Out Attack","Skewer"],"picked":"SKIP","floor":18},{"not_picked":["Flechettes","Acrobatics"],"picked":"Finisher","floor":19},{"not_picked":["All Out Attack","Poisoned Stab"],"picked":"Escape Plan+1","floor":20},{"not_picked":["Quick Slash+1","Flying Knee"],"picked":"Blade Dance","floor":21},{"not_picked":["Acrobatics","PiercingWail"],"picked":"Endless Agony","floor":22},{"not_picked":["Flying Knee","Deadly Poison"],"picked":"Prepared","floor":23},{"not_picked":["Dagger Throw","Dagger Spray"],"picked":"PiercingWail","floor":24},{"not_picked":["Sucker Punch","Finisher","Prepared"],"picked":"SKIP","floor":29},{"not_picked":["Doppelganger","Concentrate"],"picked":"Envenom","floor":31},{"not_picked":["Die Die Die","Tools of the Trade"],"picked":"Wraith Form v2","floor":33},{"not_picked":["Concentrate","Bane"],"picked":"Blade Dance","floor":35},{"not_picked":["Dagger Throw","Quick Slash"],"picked":"Blur","floor":36},{"not_picked":["Flying Knee","Cloak And Dagger"],"picked":"Dodge and Roll+1","floor":37},{"not_picked":["Skewer+1","Leg Sweep"],"picked":"Choke+1","floor":39},{"not_picked":["Distraction","Dagger Throw"],"picked":"Terror","floor":40},{"not_picked":["Glass Knife","Blade Dance+1"],"picked":"Accuracy","floor":42},{"not_picked":["Deadly Poison+1","Dash","Cloak And Dagger"],"picked":"SKIP","floor":44},{"not_picked":["Noxious Fumes","Riddle With Holes"],"picked":"Setup+1","floor":47}],"player_experience":406026,"relics_obtained":[{"floor":6,"key":"Ninja Scroll"},{"floor":8,"key":"InkBottle"},{"floor":9,"key":"Paper Crane"},{"floor":10,"key":"Odd Mushroom"},{"floor":12,"key":"Incense Burner"},{"floor":26,"key":"Akabeko"},{"floor":29,"key":"Centennial Puzzle"},{"floor":31,"key":"Blood Vial"},{"floor":37,"key":"Mango"},{"floor":40,"key":"Kunai"},{"floor":43,"key":"Strawberry"},{"floor":44,"key":"Bottled Lightning"},{"floor":47,"key":"Lizard Tail"}],"event_choices":[{"damage_healed":0,"gold_gain":0,"player_choice":"Fought Mushrooms","damage_taken":0,"max_hp_gain":0,"max_hp_loss":0,"event_name":"Mushrooms","floor":10,"gold_loss":0},{"cards_removed":["Strike_G"],"damage_healed":0,"gold_gain":0,"player_choice":"Gave Gold","damage_taken":0,"max_hp_gain":0,"max_hp_loss":0,"event_name":"Beggar","floor":27,"gold_loss":75},{"damage_healed":0,"gold_gain":0,"player_choice":"Fight","damage_taken":0,"max_hp_gain":0,"max_hp_loss":0,"event_name":"Mysterious Sphere","floor":37,"gold_loss":0},{"damage_healed":0,"gold_gain":0,"player_choice":"Max HP","damage_taken":0,"max_hp_gain":0,"max_hp_loss":4,"event_name":"Winding Halls","floor":38,"gold_loss":0},{"cards_removed":["Wraith Form v2"],"damage_healed":0,"gold_gain":0,"player_choice":"Removed Power","damage_taken":0,"max_hp_gain":0,"max_hp_loss":0,"event_name":"Falling","floor":46,"gold_loss":0},{"damage_healed":0,"gold_gain":0,"player_choice":"Memory 1","damage_taken":0,"max_hp_gain":0,"max_hp_loss":0,"event_name":"SensoryStone","floor":48,"gold_loss":0}],"is_beta":false,"boss_relics":[{"not_picked":["SlaversCollar","Black Star"],"picked":"WristBlade"},{"not_picked":["Busted Crown","HoveringKite"],"picked":"Ring of the Serpent"}],"items_purged_floors":[2],"is_endless":false,"potions_floor_spawned":[5,6,8,13,16,22,23,24,31,36,39,47],"ascension_level":18}